3254 4998
664 419 885 478 ..13-

294 611 336 674 In
360 607 379 694 ξ
403 617 423 674 8
448 610 601 675 Blassius
627 609 671 690 (p.
698 617 760 675 225
787 629 860 675 011.
886 611 921 689 4)
945 629 1009 675 101
1034 611 1108 676 1110
1130 612 1251 676 idonea
1267 629 1368 675 causa

188 719 430 784 sententiarum
483 704 742 782 concinnitatem
786 718 965 783 desiderat.
1032 719 1118 802 Quid
1166 719 1252 783 enim
1301 718 1368 783 sibi

190 826 308 892 volunt
332 825 367 890 in
390 824 455 888 fine
479 827 497 903 ἓ
521 830 540 888 8
564 826 668 889 verba
696 818 733 885 τὸ
763 817 825 904 μὲν
849 819 909 905 γὰρ
932 825 1052 905 χωρίον
1076 817 1285 904 ὁμολογεῖται
1310 825 1367 886 καὶ

186 933 267 1014 παρ’
293 922 402 993 αὐτῶν
425 926 549 993 τούτων
580 923 740 1012 ἡμέτερον
772 929 856 993 ἴδιον
880 912 992 996 stuata
1040 933 1111 996 Hoc
1137 938 1367 1014 argumentum

186 1055 384 1118 ncquecum
406 1038 460 1120 iis,
471 1055 554 1117 quae
571 1038 783 1122 antecedunt,
801 1056 908 1118 neque
926 1039 1068 1122 0111111,
1089 1057 1173 1118 quae
1191 1045 1366 1123 sequntur,

187 1148 354 1229 cohaeret,
378 1145 469 1210 redit
491 1151 601 1210 autem
625 1145 660 1209 in
685 1141 703 1229 ἕ
732 1151 770 1209 13
795 1141 827 1208 εἰ
848 1138 911 1224 μὲν
936 1129 995 1206 οὖν
1019 1140 1063 1229 μὴ
1085 1151 1297 1228 retexuerit-a
1321 1183 1366 1190 -

185 1248 460 1336 ἀμφισβητοῦσιν,
485 1253 520 1317 11
544 1269 639 1332 quem
664 1253 771 1318 locum
797 1258 874 1332 apte
899 1253 1050 1333 quadrat.

297 1361 371 1424 Non
397 1360 502 1424 minus
528 1359 667 1424 molesta
691 1359 905 1441 neglegentia
928 1361 964 1424 in
987 1357 1006 1444 ξ
1032 1366 1049 1424 9
1074 1360 1254 1426 iuvenitur.
1300 1362 1365 1426 Hic

190 1470 276 1534 enim
315 1473 427 1532 orator
465 1467 596 1532 locutus
636 1467 677 1531 de
713 1467 851 1532 arbitris
903 1467 1045 1546 privatis
1082 1469 1122 1532 ab
1158 1468 1364 1534 adversariis

192 1575 358 1640 recusatis
382 1574 496 1639 verbis
530 1571 627 1655 δῆλον
656 1563 687 1635 δ’
699 1567 778 1650 ὑμῖν
802 1573 857 1634 καὶ
879 1573 967 1634 τοῦτ’
978 1568 1070 1636 ἔσται
1094 1575 1198 1636 πᾶσιν
1222 1594 1258 1640 10
1282 1577 1366 1640 hano

188 1701 256 1748 rem
293 1682 409 1747 statim
446 1682 730 1762 comprobaturum
768 1699 842 1746 esse
878 1680 1074 1766 profitetur,
1110 1683 1159 1746 ita
1196 1690 1233 1747 ut
1268 1684 1363 1748 illum

192 1793 288 1871 paulo
315 1798 389 1870 post
422 1794 529 1855 testes
563 1790 1034 1884 (10101001101001111110111
1062 1791 1263 1870 prolaturum
1288 1799 1364 1856 Ι0110

191 1905 355 1980 putemus.
394 1897 459 1962 Sed
482 1897 542 1961 hoc
566 1915 630 1961 non
644 1898 736 1976 prius
753 1895 800 1980 fit,
818 1914 913 1976 quam
932 1898 966 1961 in
991 1895 1055 1961 fine
1071 1899 1176 1962 totius
1193 1899 1364 1964 orationis.

189 2007 229 2070 In
253 2006 468 2086 peroratione
491 2002 523 2088 (ξ
543 2004 599 2086 35)
617 2005 702 2068 enim
731 2005 912 2070 reiectione
935 2004 997 2067 illu
1022 2006 1220 2069 arbitrorum
1245 2007 1366 2070 iterum

189 2117 445 2179 commemorata
484 2115 596 2175 orator
634 2129 674 2175 ea
713 2111 906 2176 testimonia
956 2112 1095 2176 recitari
1134 2113 1242 2196 iubet,
1283 2131 1367 2192 quae

189 2221 322 2299 reliqua
347 2219 425 2283 1111.
473 2218 565 2282 Ηο00
600 2218 706 2299 igitur
741 2218 776 2281 11
800 2219 1088 2299 argumentatione
1114 2237 1173 2283 suo
1198 2220 1269 2284 1000
1295 2238 1367 2299 pro-

187 2327 276 2392 ferre
303 2326 429 2391 oblitus
454 2330 537 2408 erut,
565 2341 648 2404 quae
673 2343 727 2390 res
753 2325 942 2389 luculenter
967 2325 1073 2409 docet,
1098 2331 1221 2404 quauta
1238 2326 1367 2391 incuria

187 2434 419 2513 dispositionis
445 2433 553 2496 oratio
578 2433 768 2512 conscripta
793 2432 848 2498 sit.
907 2491 908 2494 ,
1456 2421 1457 2424 “

297 2561 370 2624 Νο1
407 2559 505 2639 plane
540 2558 673 2623 Blassio
709 2557 1002 2639 (12250116)
1032 2559 1208 2642 assentior,
1234 2577 1306 2623 cum
1330 2559 1365 2622 iu

187 2669 301 2734 uerbis
326 2669 344 2745 ἓ
372 2673 410 2730 12
436 2659 620 2748 παρέξομαι
647 2659 711 2743 μὲν
740 2665 795 2726 καὶ
818 2660 986 2747 μα’ρῑυρας
1010 2657 1088 2744 ὑμῖν
1122 2658 1197 2736 τούς
1231 2660 1366 2740 εἰδότας,

188 2769 275 2837 notri
301 2767 337 2836 δὲ
363 2777 428 2835 τῶν
443 2768 618 2854 μαρτύρων
642 2768 835 2854 ἰσχυρότερα
853 2767 1011 2855 τεκμήρια
1030 2779 1205 2853 propterea
1218 2773 1364 2858 offendit,

190 2883 276 2962 quod
300 2886 496 2962 argumenta
527 2881 588 2944 illu
619 2881 763 2944 testibus
788 2881 944 2961 grauiora
968 2881 1042 2960 ipsa
1066 2893 1194 2960 quoque
1218 2883 1366 2946 testibus

189 2989 413 3055 confirmanda
438 2988 515 3052 sint.
563 2987 603 3050 In
637 2988 700 3051 hac
734 3006 772 3052 re
796 2988 949 3052 Blassius
973 2989 1076 3052 verba
1101 2988 1243 3053 cratoris
1267 2988 1366 3054 uiuus

189 3115 311 3178 urgere
329 3095 408 3159 mihi
424 3094 569 3159 videtur.
583 3093 616 3158 Is
634 3095 721 3158 enim
739 3095 966 3159 demonstrare
984 3095 1097 3159 studet
1114 3095 1208 3160 iuxta
1225 3095 1364 3160 turudum

189 3223 254 3268 non
277 3203 384 3268 tuisse
408 3202 530 3267 fossum
566 3219 604 3265 eo
641 3207 799 3281 tempore,
836 3219 898 3280 quo
935 3206 1030 3280 pater
1061 3219 1187 3265 murum
1212 3202 1367 3266 aedifica-

188 3313 310 3378 visset.
360 3309 460 3374 Cuius
490 3310 540 3373 rei
572 3309 1162 3392 1011011001101111110110111011,
1190 3315 1367 3388 praeterea

190 3425 301 3483 autem
328 3423 524 3498 urgunrcnta
559 3417 705 3482 testibus
741 3417 844 3481 multo
876 3418 1042 3498 graviora.
1090 3416 1130 3480 In
1154 3417 1254 3480 fundo
1279 3419 1364 3481 enim

189 3527 349 3606 sepulcra
373 3530 407 3589 et
431 3525 567 3588 arbores
586 3531 686 3608 stare,
712 3525 794 3588 haee
823 3529 934 3589 autem
959 3524 993 3589 iu
1017 3522 1106 3589 fossa
1130 3543 1293 3603 nunquam
1319 3526 1367 3589 in-

187 3632 309 3699 veniri.
357 3632 429 3696 Ηο0
454 3639 683 3712 argumentum
709 3633 832 3712 optime
856 3633 999 3697 testibus
1031 3632 1097 3696 mis
1128 3633 1244 3711 opponi
1271 3651 1367 3713 posse

187 3747 281 3821 puto,
316 3757 510 3819 quamquam
546 3738 652 3817 ipsum
687 3757 814 3818 quoque
849 3740 990 3804 testibus
1023 3738 1274 3804 confirmandum
1307 3747 1366 3804 est.

189 3847 254 3912 Sed
280 3847 347 3910 alia
370 3863 422 3910 res
448 3843 631 3929 diganum,
657 3846 749 3910 cuius
774 3847 894 3910 montio
918 3845 984 3910 fiat.
1017 3850 1251 3926 Argumentum
1279 3849 1365 3912 enim

187 3953 287 4037 illud,
336 3953 423 4032 quod
469 3957 536 4016 tam
582 3971 686 4034 graue
733 3971 807 4018 esse
854 3954 915 4018 ille
963 3954 1055 4036 dicit,
1105 3954 1188 4017 nihil
1236 3956 1366 4019 omnino

186 4061 296 4126 valet.
345 4059 457 4138 Neque
504 4059 590 4124 enim
640 4061 706 4123 1110
752 4061 845 4124 modo
892 4079 933 4125 ex
972 4079 1020 4140 eo,
1068 4061 1154 4140 quud
1199 4062 1234 4126 in
1266 4061 1367 4126 fundo

188 4168 349 4247 sepulcra
419 4174 453 4230 et
529 4166 666 4230 arbores
737 4172 844 4250 stant,
922 4167 995 4247 cogi
1067 4173 1177 4246 potest
1251 4169 1364 4232 eadem

188 4259 300 4339 fuisse
337 4291 375 4338 eo
412 4274 494 4355 loco,
530 4290 592 4352 quo
627 4291 713 4337 nuno
743 4291 855 4338 murus
884 4279 1075 4338 exstructus
1101 4281 1162 4339 est.
1210 4274 1366 4338 Consulto

188 4387 304 4445 autem
346 4385 510 4444 oratorem
555 4380 691 4444 studere
737 4380 797 4444 tali
838 4381 1038 4460 sophismate
1078 4381 1205 4447 iudices
1245 4382 1366 4446 fellere
