3254 4998
318 1454 426 1518 Natus
457 1470 528 1518 snm
561 1452 761 1517 Ernestns
789 1449 996 1516 Christianus
1024 1450 1160 1515 Beneke
1191 1468 1273 1516 anno
1302 1451 1332 1516 11.
1358 1469 1384 1516 s.

209 1559 325 1644 LXIX
348 1560 545 1643 Hanoverae
575 1563 671 1640 patre
699 1556 828 1623 Adolfo.
876 1557 969 1624 Fidei
1002 1556 1153 1622 addictus
1185 1575 1255 1622 sum
1288 1576 1385 1623 evan·

210 1657 344 1750 geticae.
393 1667 460 1731 Per
492 1684 608 1731 novem
637 1684 739 1730 annes
769 1665 802 1729 in
836 1666 917 1729 arbe
950 1665 1057 1746 patrie
1081 1664 1149 1729 adii
1174 1665 1316 1745 Lyceum
1339 1665 1384 1750 ΙΙ,

211 1773 295 1853 qnod
329 1782 399 1838 tum
436 1772 618 1838 Widesebii
647 1771 806 1853 auspiciis
846 1771 993 1838 florebat.
1054 1772 1147 1838 Unde
1183 1772 1385 1837 maturitatis

209 1882 360 1946 examine
391 1887 546 1958 superato
580 1879 810 1960 duodeviginti
842 1875 914 1943 fere
944 1897 1048 1943 annes
1073 1887 1170 1944 natus
1194 1879 1386 1961 Fribergam

210 1995 259 2054 rire
293 1986 440 2069 contuli,
483 1969 519 2051 nt
555 1987 742 2068 linguarum
776 1993 809 2050 et
845 2005 951 2051 rerum
984 1992 1153 2067 gestarum
1186 1986 1305 2051 studiis
1335 2005 1386 2052 me

209 2095 373 2160 dederent.
420 2093 484 2158 Sex
513 2093 677 2158 mensibus
700 2101 775 2174 pest
799 2092 926 2157 civibus
951 2093 1181 2158 universitatis
1204 2094 1386 2174 Lipsiensis

211 2203 378 2281 ascriptus
395 2218 477 2284 snm,
502 2202 558 2265 ubi
584 2219 641 2280 per
664 2201 729 2265 tria
751 2201 924 2266 semestris
947 2218 998 2265 me
1023 2201 1204 2266 docuerunt
1216 2223 1247 2267 v.
1261 2203 1289 2266 d.
1306 2221 1338 2268 v.
1357 2201 1384 2266 d.
1449 2272 1451 2278 ,

209 2310 412 2390 Brngmanu,
438 2307 600 2382 Hanssen,
614 2306 756 2388 Lipsius,
771 2306 928 2388 Ribbeck,
946 2305 1078 2392 Wundt,
1092 2309 1241 2372 Zarneke
1252 2304 1287 2394 †⁷
1313 2327 1385 2388 pra·

210 2413 397 2504 seminariis
436 2423 472 2477 nt
517 2413 708 2478 interessem
749 2413 888 2495 benigne
925 2413 1141 2493 permiserunt
1181 2414 1312 2494 Lipsius
1351 2421 1385 2479 et

213 2521 435 2588 Wacbsmntlr.
476 2519 561 2585 Vere
578 2521 655 2584 anni
675 2520 706 2584 b.
731 2539 755 2585 s.
780 2519 960 2585 LXXXIX
976 2521 1082 2586 Helas
1099 2520 1263 2586 Saxonum
1279 2525 1386 2587 trans·

212 2628 363 2712 migravi,
387 2628 423 2691 in
439 2645 504 2707 qna
523 2627 739 2692 universitate
755 2645 815 2708 per
831 2645 888 2692 sex
911 2628 1082 2692 semestria
1105 2629 1219 2694 horum
1244 2629 1386 2694 virerum

212 2733 505 2799 illustrissimorum
537 2734 668 2798 schalas
701 2731 929 2813 frequentavi:
961 2735 1211 2817 Dittenberger,
1236 2735 1273 2800 B.
1305 2735 1386 2799 11111·

210 2861 327 2920 maun,
356 2841 468 2905 Hiller
499 2839 542 2924 †,
571 2840 662 2915 Keil,
695 2839 878 2924 Kirebboff,
904 2840 1061 2924 Lindum,
1094 2843 1227 2923 Meyer,
1250 2842 1384 2927 Rebert‚

209 2949 351 3030 Sievers,
377 2947 521 3028 Upbnes.
561 2947 611 3010 Ad
648 2947 883 3026 proseminaria
918 2952 951 3012 et
975 2949 1151 3013 seminaria
1174 2967 1225 3013 me
1250 2948 1386 3013 admise-

209 3065 304 3120 runt:
330 3053 574 3135 Dittenberger‚
603 3053 726 3134 Hiller‚
753 3053 840 3136 Keil,
865 3055 986 3136 Meyer.
1011 3055 1189 3122 Praeterea
1225 3055 1384 3120 exercita·-

163 3216 169 3224 .
208 3162 324 3239 tiones,
350 3159 592 3241 philosophicas
615 3159 692 3238 adii,
717 3179 852 3241 querum
868 3161 1055 3227 moderator
1074 3170 1147 3228 erat
1158 3164 1194 3228 Β.
1210 3163 1384 3228 Erdmaun.

316 3266 443 3350 Quibus
474 3267 622 3331 omnibns
650 3268 732 3334 viris
762 3269 889 3351 gratias
914 3288 1009 3350 quarn
1035 3271 1192 3350 plurimas
1216 3289 1278 3353 age
1304 3288 1385 3336 sern-

210 3393 332 3457 perqne
356 3374 491 3440 habebo.
