3254 4998
761 429 984 490 ,6-

279 619 484 704 existimant,
503 616 609 684 ceteri
638 618 702 684 viri
719 619 819 704 docti,
838 640 997 685 comeam
1017 628 1282 706 commemorant,
1298 622 1453 688 dubitare

278 746 342 791 non
371 727 542 812 videntur,
568 727 646 806 quin
678 745 759 792 vere
793 727 1052 792 Demosthenica
1076 728 1131 794 sit.
1180 729 1452 816 Sandysius*),

279 835 334 913 qui
368 835 529 915 plurimas
567 833 736 898 orationes
774 834 926 913 privatas
950 835 1184 901 Demosthenis
1218 839 1451 902 commentario

278 942 396 1006 critico
422 946 455 1006 et
480 941 654 1022 exegetico
678 941 861 1005 instructas
886 941 1001 1025 edidit,
1026 942 1099 1022 ipse
1123 938 1251 1022 quoque
1268 946 1452 1010 orationem

277 1049 337 1114 LV
360 1050 394 1113 in
418 1065 587 1113 numerum
612 1049 829 1128 genuinarum
852 1047 968 1112 refert.

385 1155 463 1220 Cum
487 1173 594 1235 neque
620 1173 660 1219 ex
684 1154 837 1235 personis
862 1161 896 1219 et
920 1161 1186 1236 temporeneque
1203 1177 1355 1223 excausa
1372 1160 1448 1239 ipsa

277 1263 348 1326 ulla
372 1262 565 1327 coniectura
588 1261 661 1326 fieri
686 1261 808 1345 possit,
834 1267 910 1326 utra
935 1264 1103 1340 sententia
1128 1266 1369 1345 comprobanda
1393 1268 1450 1351 sit,

277 1371 506 1450 quaestionem
539 1369 580 1434 ad
614 1375 741 1436 certum
774 1368 872 1434 finem
904 1371 1042 1451 perduci
1075 1390 1139 1435 non
1172 1391 1269 1452 posse
1299 1380 1451 1457 apparet,

275 1477 338 1543 nisi
363 1479 485 1561 omnia,
515 1496 599 1557 quae
629 1477 670 1541 ad
699 1476 952 1557 dispositionem
978 1482 1011 1542 et
1041 1478 1262 1543 elocutionem
1287 1481 1451 1545 orationis

275 1585 478 1669 pertineant,
497 1584 749 1649 accuratissime
767 1585 986 1663 exquirantur
1003 1590 1038 1648 et
1055 1604 1126 1649 oum
1144 1605 1205 1650 usu
1215 1586 1451 1652 Demosthenis

277 1699 520 1773 comparentur.
546 1691 834 1775 Quarotioneiam
850 1693 1036 1771 complures
1048 1693 1217 1757 orationes
1233 1691 1450 1759 Demostheni

276 1800 446 1881 ascriptae
479 1792 543 1863 non'
576 1799 649 1864 sino
682 1816 839 1863 successu
871 1801 1039 1863 tractatae
1073 1798 1217 1884 sunt**)‚
1251 1801 1301 1864 ita
1325 1805 1363 1864 ut
1398 1820 1451 1866 me

279 1925 422 1996 quoque¹
440 1907 622 1971 orationem
655 1906 715 1970 LV
752 1906 866 1970 eodem
903 1906 997 1970 modo
1031 1907 1274 1972 examinantem
1306 1907 1451 1973 fructum

276 2003 421 2094 aliquem
450 2020 685 2094 percepturum
714 2031 789 2077 esse
819 2031 958 2093 sperem.
1007 2014 1143 2078 Minime
1172 2014 1303 2093 quidem
1332 2015 1448 2096 ignoro

274 2123 389 2187 multis
414 2121 559 2186 fortasse
587 2121 690 2184 talem
719 2121 947 2200 quaestionem
974 2121 1082 2185 minus
1111 2139 1247 2202 gravem
1270 2123 1379 2186 visum
1404 2123 1447 2186 iri

274 2235 464 2313 propterea,
482 2228 568 2308 quod
585 2229 754 2293 orationes
771 2229 936 2313 privatae,
956 2246 1040 2307 quae
1056 2229 1091 2293 in
1108 2247 1246 2310 corpore
1264 2229 1450 2294 orationum

274 2339 509 2404 Demosthenis
542 2337 689 2402 traditae
723 2341 809 2418 sunt,
843 2336 1038 2416 plerumque
1071 2337 1166 2401 nulla
1190 2336 1258 2400 alia
1283 2336 1323 2401 de
1348 2356 1450 2401 causa

275 2447 443 2530 leguntur,
487 2445 553 2510 nisi
597 2444 640 2508 ad
682 2443 734 2508 ius
778 2444 880 2509 civile
924 2444 1063 2508 atticum
1107 2445 1382 2528 cognoscendum,
1414 2445 1448 2508 in

275 2555 337 2618 hac
362 2558 472 2626 autem
496 2571 533 2617 re
556 2552 640 2616 nihil
665 2550 781 2634 refert,
806 2556 916 2615 utrum
939 2551 1002 2615 hae
1019 2551 1198 2636 orationes,
1225 2552 1346 2631 quippe
1364 2569 1449 2628 qnae

276 2662 348 2726 sine
363 2661 461 2725 dubio
479 2673 590 2724 omnes
607 2658 841 2723 Demosthenis
859 2659 1064 2738 temporibus
1081 2662 1175 2722 ortae
1193 2659 1301 2741 sinte
1322 2674 1448 2720 summo

276 2772 409 2832 oratore
433 2767 505 2847 ipso
535 2785 576 2830 an
606 2765 646 2829 ab
676 2765 807 2844 aequali
834 2765 906 2828 eius
930 2765 1141 2845 conscriptae
1166 2765 1243 2830 sint.
1291 2764 1448 2828 Attamen

276 2876 383 2940 oratio
408 2873 569 2940 adversus
593 2871 766 2936 Calliclem
789 2871 904 2935 habita
929 2877 963 2936 et
986 2877 1126 2952 propter
1153 2877 1258 2936 totum
1288 2870 1449 2936 sermonis

276 2984 420 3048 colorem
445 2987 479 3046 et
503 2986 641 3061 propter
659 2979 836 3043 nonnullas
853 2978 1051 3043 elocutionis
1075 2980 1303 3060 proprietates
1328 2965 1449 3042 eximie

276 3090 376 3172 digna
400 3107 475 3154 esse
499 3088 576 3152 mihi
603 3087 748 3169 videtur,
773 3104 857 3164 quae
882 3085 1090 3150 accuratiore
1115 3086 1225 3151 studio
1260 3083 1451 3149 excutiatur

341 3263 366 3328 *l
384 3264 472 3318 Select
491 3263 596 3332 private
615 3260 737 3315 orations
755 3260 786 3314 ot
802 3259 997 3314 Demosthenes
1016 3257 1177 3328 Cambridge
1199 3261 1268 3314 1886
1278 3261 1315 3314 ΙΙ.
1326 3276 1352 3327 p.
1368 3257 1450 3312 LXX.

322 3353 362 3418 **)
382 3353 422 3408 (li.
443 3353 581 3420 Lortzing,
610 3352 651 3405 Dc
678 3350 853 3417 orationibus,
879 3365 945 3417 quas
965 3350 1102 3404 Demosth.
1119 3365 1167 3416 pro
1187 3349 1349 3416 Apollodoro
1368 3347 1450 3414 serip-

382 3444 449 3498 sisse
467 3433 562 3497 fertur.
583 3442 652 3495 Diss.
673 3440 758 3495 Borol.
780 3441 857 3495 1863.

435 3533 583 3600 Schwerze,
604 3530 775 3586 Deeratione
798 3525 881 3584 Κατὰ
900 3522 1109 3600 Διονυσοδώρου
1120 3526 1256 3593 inscripta,
1283 3540 1352 3592 qtrae
1380 3525 1452 3578 intcr

384 3621 604 3675 Demosthenicas
623 3625 666 3673 est
683 3619 755 3673 LVI.
776 3619 846 3672 Diss.
866 3618 942 3672 Gott.
962 3621 1039 3672 1870.

437 3710 602 3778 Rohrmann,
622 3708 716 3762 Oratio
735 3723 804 3775 quiae
823 3714 865 3762 est
875 3713 970 3762 contra
981 3709 1170 3774 haesitatum,
1189 3719 1253 3758 num
1264 3703 1454 3758 Demosthenis

383 3817 441 3856 esso
459 3800 603 3855 iudicanda
621 3800 666 3854 sit.
685 3798 756 3852 Diss.
776 3797 851 3852 Gott.
873 3799 951 3852 1875.

437 3891 468 3945 G.
488 3891 621 3958 Krueger‚
650 3889 690 3944 Dc
717 3889 840 3943 oratione
866 3888 1026 3954 exceptoria,
1054 3902 1135 3953 quam
1154 3885 1247 3939 terunt
1265 3887 1360 3936 contra
1379 3881 1450 3934 Pan·

383 3988 522 4035 taenetum
542 3980 679 4049 scripsisse
697 3979 913 4034 Demosthenem.
951 3975 1020 4030 Diss.
1040 3975 1101 4029 Hal.
1123 3975 1201 4029 1876.

437 4071 467 4124 Io.
486 4071 518 4124 R.
539 4069 657 4138 Schnlze,
677 4067 908 4136 Prolegomenaiu
920 4064 1109 4119 Demosthenis
1119 4079 1187 4131 quae
1198 4063 1285 4116 lentur
1300 4060 1450 4114 orationem

382 4159 512 4214 adversus
532 4161 693 4227 Apaturium
713 4157 803 4224 capita
821 4156 883 4210 dno.
903 4155 973 4209 Diss.
993 4154 1065 4222 Lips.
1088 4154 1165 4208 1878.

438 4250 516 4315 Uhle‚
542 4249 719 4316 Quaestiones
748 4248 781 4301 de
805 4248 958 4300 orationum
987 4243 1159 4298 Demostheni
1185 4241 1254 4295 falso
1282 4239 1451 4294 addictarum

384 4339 559 4407 scriptoribus
578 4339 601 4394 Ι.
623 4338 691 4393 Dies.
719 4337 792 4404 Lips.
823 4337 900 4390 1883.
930 4335 965 4388 [Ι.
993 4333 1065 4400 Lips.
1097 4333 1174 4387 1888.
1203 4361 1235 4372 -
1257 4330 1333 4385 Aliae
1353 4329 1453 4383 similes

384 4429 623 4483 commentationes
642 4427 712 4482 inira
730 4424 1017 4480 commemorabuntur.
