3254 4998
803 376 1017 436 -38-

316 567 482 654 XXVIII,
503 574 553 634 78.
577 567 736 652 XXXVI,
763 568 854 648 23*).
895 568 974 635 Alia
997 574 1147 654 exempla
1172 576 1330 654 praebent
1359 579 1393 640 et
1417 594 1494 658 snp-

316 675 489 756 positiciae
501 671 717 756 orationes**)
730 679 764 740 et
782 675 903 755 reliqui
916 682 1062 744 oratores
1082 685 1213 760 praeter
1228 682 1490 768 Isocratem***).

424 771 1490 870 Annominationes(noooooaacioo)etalliterationesfreqnentea

314 897 392 957 sent
422 891 519 972 apud,
545 890 802 958 Demosthenem
834 889 867 954 in
899 891 1101 958 orationibus
1134 895 1294 980 publicis,
1328 915 1425 963 rarae
1456 899 1491 964 in

315 999 517 1064 orationihus
542 996 729 1079 privatis5).
761 998 918 1062 Attamen
936 996 1016 1064 ferri
1035 1006 1170 1079 possunt
1194 1003 1489 1092 annominationeS,

316 1112 353 1172 ui
376 1103 395 1191 ξ
420 1113 462 1172 20
501 1101 661 1177 πολλοίκις
698 1101 758 1190 ἤδη
797 1100 940 1176 πολλούς
978 1105 1037 1190 (cf.
1078 1107 1209 1194 XVIII,
1251 1115 1314 1175 257
1356 1113 1490 1176 πολλῶν

314 1209 485 1290 πολλάκις,
510 1213 642 1298 XXIII,
673 1219 734 1278 113
759 1212 878 1275 πολλοὶ
901 1209 1085 1299 πολλάκις),
1111 1213 1130 1300 ξ
1155 1222 1194 1281 21
1222 1216 1356 1280 πολλῶν
1379 1217 1489 1284 πολλά

314 1323 369 1405 (cf.
393 1322 470 1407 XX,
497 1328 537 1385 78
562 1314 632 1383 α’πὸ
657 1319 789 1384 πολλῶν
811 1315 931 1401 πολλοί,
956 1320 1049 1406 XXI,
1066 1327 1128 1388 169
1153 1323 1271 1386 πολλοὶ
1293 1320 1422 1406 πολλα),
1438 1327 1483 1393 ib.

315 1424 407 1492 αὐτοὶ
438 1422 618 1498 δι’ἑαντούς
651 1427 708 1509 (ef.
738 1427 897 1511 XXXVI,
930 1431 965 1492 51
997 1421 1091 1492 αὐτοὶ
1116 1427 1268 1516 ἑαυτοῖς),
1293 1451 1483 1513 quemqnam

305 1543 426 1602 ,tantus
472 1552 626 1601 numerus
671 1535 704 1600 in
748 1534 897 1600 oratione
938 1535 1068 1615 privata
1093 1536 1268 1604 offensione
1291 1557 1355 1604 non
1387 1545 1485 1606 caret.

313 1645 448 1710 Minime
471 1662 551 1710 vero
575 1642 838 1710 accommodatae
862 1648 938 1708 sunt
962 1644 1102 1709 orationi
1128 1650 1194 1711 tam
1218 1647 1329 1712 tenuis
1352 1648 1486 1729 generis

313 1754 400 1818 tales
424 1751 717 1830 annominationes‚
752 1748 865 1829 quales
900 1755 977 1816 sunt
1010 1751 1043 1816 in
1066 1753 1126 1817 hoc
1152 1753 1323 1819 enuntiato
1346 1751 1365 1838 ξ
1391 1762 1431 1820 29
1456 1751 1489 1818 εἰ

313 1861 369 1923 καὶ
393 1853 472 1939 ὑμῖν
494 1858 764 1941 περιοικοδομεῖν
788 1851 888 1930 ἔξεστι
911 1851 951 1918 τό
975 1850 1131 1942 ὑμέτερον
1156 1853 1262 1922 αὐτῶν
1278 1863 1404 1944 χωρίον,
1429 1863 1487 1925 καὶ

312 1961 391 2053 ἡμῖν
430 1963 538 2051 δήπου
576 1958 614 2028 τὰ
654 1958 815 2048 ἡμέτερον
851 1959 934 2048 ἐξῆν,
958 1960 991 2027 εἰ
1012 1956 1062 2027 δ’ὁ
1090 1959 1200 2050 πατὴρ
1236 1960 1355 2047 δὲμός
1378 1963 1487 2054 ἠδίκει

312 2075 577 2160 περιοικοδομῶν
600 2065 693 2154 δμῶς,
724 2072 780 2133 καὶ
809 2072 870 2133 νῦν
899 2065 991 2152 ὑμεῖς
1025 2067 1084 2152 ἐμὲ
1108 2065 1250 2137 οἷδικεῑτε
1275 2076 1485 2159 περιοικοδο-

311 2186 451 2263 μοῦντες
480 2174 590 2252 οὕτως.
646 2180 715 2244 Ηοο
746 2180 824 2246 loeo.
876 2180 1004 2246 ratione
1039 2180 1136 2246 nimis
1174 2181 1356 2248 artificiosa
1387 2201 1483 2248 artne-

310 2291 508 2356 minationes
527 2265 749 2355 cumulantur.

420 2399 597 2464 Praeterea
623 2395 840 2476 suspicionem
866 2401 999 2460 movent
1022 2393 1056 2459 in
1079 2391 1099 2479 ξ
1126 2400 1165 2460 10
1194 2391 1281 2459 καίτοι
1313 2393 1397 2459 κατὰ
1425 2390 1483 2480 τὴν

311 2499 389 2569 ὁδόν
420 2512 455 2570 et
483 2505 517 2569 in
547 2501 633 2587 §28
657 2497 695 2566 τδ
728 2495 894 2584 παράπαν
924 2492 1069 2565 ἅπαντα.
1117 2502 1244 2568 sinilia
1274 2506 1359 2570 eninr
1397 2505 1483 2586 apud

311 2613 565 2679 Demosthenem
588 2611 716 2676 frustra
739 2627 889 2689 quaeras.
931 2610 1072 2675 Molesta
1089 2616 1141 2676 est
1157 2611 1257 2676 etiam
1283 2612 1483 2677 allitteratio

310 2723 345 2787 in
369 2722 483 2788 verbis
507 2717 529 2803 ξ·
551 2725 568 2783 7
607 2713 698 2788 εἰδώς
730 2712 873 2801 α’κριβῶς
903 2709 999 2788 ὅπως.
1049 2718 1118 2783 Ηοο
1141 2718 1396 2798 vituperandum
1421 2725 1481 2803 est,

309 2829 380 2896 sive
403 2829 534 2894 ratione
558 2826 630 2893 sive
654 2825 868 2907 neglegentia
884 2830 990 2890 ortum
1008 2830 1068 2890 est.
1097 2825 1337 2892 Demosthenes
1354 2826 1478 2908 quidem

309 2942 376 3002 tam
401 2937 497 3018 gravi
515 2933 757 3000 allitterationo
769 2950 833 2998 non
849 2933 965 3017 utitur,
990 2932 1055 2997 nisi
1072 2951 1198 3001 summa
1214 2933 1266 3000 vis
1282 2931 1317 2999 in
1335 2935 1480 2999 oratione

309 3045 398 3110 inest
435 3041 497 3124 (Oi.
538 3041 641 3108 Rehd.
682 3040 747 3105 ind.
773 3040 798 3106 I.
825 3059 849 3105 s.
873 3059 904 3106 v.
929 3039 1090 3121 alliacen).
1152 3040 1391 3122 Neglegentiae
1424 3047 1481 3106 aut

309 3153 400 3218 casui
425 3148 619 3214 tribuendae
644 3155 721 3213 sunt
743 3146 1014 3227 allitterationea
1040 3165 1123 3227 quae
1147 3146 1305 3229 legantur
1328 3149 1362 3214 in
1395 3145 1414 3233 ξ
1440 3152 1479 3211 10

306 3261 365 3323 τοῦ
390 3253 450 3340 γὰρ
475 3257 592 3339 χωρίου
617 3257 676 3318 τοῦ
698 3247 811 3333 τ’ἕμοῦ
835 3253 973 3316 καὶτοῦ
994 3244 1118 3316 τούτων
1140 3248 1177 3316 τό
1201 3258 1303 3334 με’σον
1316 3262 1348 3319 et
1361 3252 1479 3340 in§11

308 3359 392 3451 δρῶν
416 3357 457 3436 ῶς
480 3357 540 3442 ἐγώ
562 3365 627 3426 τῶν
651 3356 786 3425 εἰδότων
805 3355 917 3424 α’κούω
941 3362 996 3423 καὶ
1026 3362 1091 3423 τῶν
1120 3356 1276 3440 γειτόνων
1304 3357 1481 3442 ἐπινεμόν-

306 3495 372 3537 των
396 3466 466 3552 ἅμα
490 3471 545 3534 καὶ
568 3465 777 3552 βαδιζόντων.
802 3507 844 3514 -
869 3468 1069 3551 Dlegantiae
1094 3488 1156 3534 non
1183 3488 1319 3551 magnae
1345 3477 1424 3536 sunt
1447 3470 1480 3534 in

307 3581 326 3668 ξ
352 3588 391 3646 13
415 3575 596 3666 ἠδικοῦμεν
626 3617 668 3624 -
693 3569 930 3662 ᾠκοδομοῦμεν
954 3585 989 3643 ei
1011 3579 1047 3643 in
1070 3575 1088 3662 ξ
1113 3584 1153 3642 27
1179 3569 1414 3662 ἐκβεβλήκασιν
1438 3614 1480 3622 -

306 3685 527 3774 πεποιήκασιν
550 3685 606 3771 (of.
630 3686 733 3752 Rehd.
759 3685 824 3750 ind.
847 3685 875 3751 I.
901 3704 927 3751 a.
951 3704 980 3749 v.
1005 3678 1279 3764 δμοιοτὲλεοτον).

483 3851 517 3858 ..-

364 3919 390 3983 *)
410 3917 475 3973 Coii.
493 3917 544 3973 loo.
562 3917 674 3972 Schulze
691 3916 710 3970 i.
729 3915 793 3971 diss.
811 3915 829 3970 1.
848 3915 1044 3985 Prelegomena
1063 3919 1113 3970 eto.
1133 3931 1158 3983 p.
1179 3916 1223 3970 to.

350 4007 390 4073 **)
408 4007 449 4063 Gi.
468 4007 547 4072 Uhle,
565 4005 744 4073 Quaestiones
762 4005 784 4074 1,
803 4021 828 4073 p.
849 4007 892 4060 73.

334 4097 392 4166 ***)
411 4098 451 4153 Ot.
469 4096 554 4152 Rehd.
573 4096 629 4150 ind.
648 4095 663 4149 1
681 4111 702 4150 s.
721 4110 747 4149 v.
766 4095 920 4165 Anaphora,
941 4094 1043 4150 Geban.
1062 4112 1088 4164 p.
1109 4096 1169 4151 125.

364 4188 391 4259 §i
411 4187 475 4242 0011.
494 4186 544 4242 loc.
569 4185 654 4240 Rehd.
678 4185 732 4238 ind.
759 4185 781 4239 1.
801 4200 822 4240 a.
842 4201 868 4240 v.
896 4187 1084 4253 paronomasia
1110 4185 1250 4253 Feertsch
1280 4185 1480 4240 commentatio

410 4277 513 4332 critica.
550 4273 786 4344 Schimmelpfeng,
805 4273 956 4343 Orationes,
978 4287 1046 4342 qnae
1066 4286 1130 4329 snnt
1149 4276 1176 4328 in
1195 4275 1376 4328 Macartatmn
1402 4281 1431 4328 et
1449 4276 1479 4329 in

409 4366 626 4436 olympiodorum
645 4371 673 4420 et
692 4364 831 4420 inLacriti
851 4365 1032 4433 exceptionem
1052 4371 1102 4420 etc.
1123 4364 1195 4418 Dias.
1207 4365 1291 4433 Mare.
1305 4365 1382 4433 1887,
1392 4380 1418 4433 p.
1431 4367 1476 4420 36.
