3254 4998
666 408 886 470 ..41-

194 598 409 666 offensionem
434 603 605 682 praebeat.
646 603 711 667 Hic
728 621 792 666 non
809 602 915 666 multa
930 600 1044 681 habeo,
1069 618 1152 681 quae
1174 601 1371 680 vituperem.

194 709 320 788 Nempe
359 709 539 788 scriptores
574 707 720 775 Graecos
755 707 1021 790 frequentissime
1056 709 1175 788 verba,
1211 726 1295 789 quae
1331 725 1372 772 ex

193 833 292 880 sensu
328 822 400 880 arte
435 815 620 898 cohaerent,
660 817 825 898 positione
861 835 1019 898 separare
1054 816 1263 880 notissimum
1310 822 1370 882 est.

193 922 310 1002 ltaque
334 922 421 1003 apud
444 922 695 988 Demosthenem
722 923 853 1004 saepius
869 925 972 988 verba
988 922 1145 989 similiter
1161 921 1269 1003 posita
1292 930 1371 987 sunt

192 1035 291 1108 atque
315 1029 347 1094 r'n
371 1032 389 1108 g
414 1035 432 1093 5
458 1025 621 1112 μα’ρτνσιν
645 1020 727 1110 εἶχες
749 1037 817 1101 τοῖς
832 1023 908 1093 τότε
925 1031 1206 1112 παραγενομένοις
1217 1011 1368 1114 γρῆοθαι,

190 1135 224 1200 in
247 1138 265 1215 ξ
290 1142 330 1200 25
359 1139 482 1215 τειχίον
514 1127 576 1216 γἐἰ
598 1132 747 1201 παλαιόν
772 1145 832 1204 etc.
857 1137 1038 1202 Eritantur
1055 1143 1163 1202 autem
1181 1137 1222 1200 ab
1235 1135 1368 1216 optimis

190 1244 410 1324 scriptoribus
446 1246 733 1326 transgressiones
769 1247 962 1328 uerborum⁷
1000 1244 1120 1324 quibus
1167 1262 1285 1310 sensus
1334 1249 1369 1308 et

190 1357 365 1416 contextus
390 1352 574 1416 turbantur.
622 1353 742 1432 ltaque
767 1352 1003 1418 molestissima
1028 1357 1080 1417 est
1104 1353 1138 1417 in
1154 1351 1171 1434 ξ
1188 1359 1230 1416 20
1247 1350 1367 1432 positio

188 1456 389 1524 substantivi
412 1462 473 1521 τοῦ
496 1456 531 1521 δὲ
554 1454 690 1544 πατρός,
716 1459 757 1525 de
782 1477 846 1540 qua
869 1479 905 1525 re
929 1459 993 1524 iam
1018 1477 1119 1540 supra
1143 1462 1186 1539 (p.
1212 1460 1269 1541 34)
1299 1457 1364 1540 egi.

189 1565 368 1646 Inelegans
401 1572 435 1631 et
470 1566 633 1631 dissoluta
664 1573 716 1633 est
747 1566 867 1647 positio
891 1566 925 1631 in
948 1565 967 1652 ξ
993 1575 1010 1631 9
1035 1573 1102 1637 τοῖς
1126 1561 1247 1629 εἰδόσιν
1271 1561 1366 1628 ἐπιτ-

188 1675 306 1756 ρέπειν
330 1668 516 1756 ἐβουλόμην
539 1669 609 1752 ἐγώ,
633 1681 701 1744 τοῖς
724 1672 806 1744 ἴσοις
829 1680 863 1740 et
878 1675 912 1739 in
936 1678 953 1755 ἓ
980 1681 1019 1739 18
1043 1667 1111 1736 ὑπὸ
1143 1676 1208 1736 τῶν
1240 1668 1276 1736 ἐκ
1307 1675 1367 1734 τοῦ

185 1782 304 1861 χωρίον
327 1783 387 1842 τοῦ
410 1776 494 1859 ἐμοῦ
515 1784 575 1843 τοῦ
600 1773 714 1853 ὕδατος
737 1777 946 1853 εἰσπεσόντος
960 1783 1211 1864 βλαπτομένων.
1236 1779 1365 1846 Offendi

187 1887 286 1953 etiam
323 1893 434 1968 potest
470 1890 504 1952 in
537 1890 698 1969 positione
735 1891 934 1970 pronominis
969 1911 1028 1969 μοι
1051 1889 1085 1954 in
1121 1886 1140 1973 ξ
1173 1894 1210 1951 17
1236 1880 1254 1949 ὁ
1278 1880 1362 1975 μεταλ

186 1996 304 2055 τοῦτον
327 2015 385 2074 μοι
410 1997 557 2076 γεωργῶν
579 1998 644 2058 τῶν
675 1992 829 2075 γειτόνων
852 1992 989 2075 ἐγκαλεῖ.
1036 1997 1190 2062 Insolens
1221 1995 1364 2074 denique

187 2107 239 2166 est
263 2101 382 2182 positio
405 2101 545 2168 nominis
571 2103 693 2185 proprii
717 2104 751 2168 ln
775 2097 1065 2189 ξῖτόνιάδελφὰν
1095 2102 1226 2165 τουτονὶ
1247 2103 1363 2172 πείσας

185 2202 420 2294 Καλλικράτην
444 2210 536 2278 etin
562 2212 580 2293 ξ
602 2215 623 2274 4
647 2215 706 2273 τοῦ
728 2207 853 2273 τούτων
877 2205 1002 2294 πατρὸς
1026 2209 1240 2273 Καλλιπίδον.

271 2363 272 2366 ,
292 2317 332 2380 In
358 2317 539 2397 appendice
564 2319 704 2399 quadam
728 2319 826 2384 huius
843 2319 962 2400 capitis
980 2319 1020 2384 de
1036 2318 1189 2404 rhythmo
1207 2316 1360 2401 ethium,

185 2425 342 2502 quomodo
382 2443 492 2490 eurtum
534 2428 619 2491 ratio
657 2426 772 2492 habita
810 2427 863 2512 sit,
905 2445 1010 2508 pauca
1041 2443 1210 2506 exponam.
1268 2425 1361 2508 Quod

184 2531 333 2610 pertinet
356 2532 398 2596 ad
422 2534 529 2614 legem
555 2534 646 2598 illam
671 2535 885 2615 rhythmicam
911 2555 930 2598 a
958 2534 1084 2599 Blassio
1115 2533 1227 2612 (lup.
1243 2538 1283 2598 99
1298 2533 1359 2611 sq.)

184 2638 406 2722 constitutam,
444 2659 484 2706 ex
520 2660 583 2720 quo
620 2642 861 2708 Demosthenes
893 2650 963 2708 tres
997 2642 1052 2709 vel
1088 2642 1201 2722 plures
1237 2642 1358 2705 breves

184 2746 334 2824 syllabas
351 2747 506 2829 deinceps
523 2751 648 2829 positos
665 2749 782 2831 fugere
800 2751 894 2832 solet,
913 2748 1072 2815 orationis
1088 2749 1147 2814 LV
1161 2748 1357 2828 scriptorem

184 2852 256 2917 eius
280 2855 404 2918 nullam
428 2857 580 2921 notitiam
604 2857 761 2923 habuisse
786 2857 964 2922 dilucidum
989 2863 1040 2921 est
1063 2855 1143 2937 (vid.
1169 2857 1277 2920 Blass.
1295 2856 1316 2919 l.
1333 2855 1355 2920 l.

182 2977 213 3039 p.
239 2961 328 3041 224).
353 2962 399 3026 Of.
425 2961 476 3047 §3
503 2959 608 3027 ἔτεσιν
631 2956 755 3027 ἅπασιν
779 2962 797 3049 §
821 2969 842 3029 4
867 2959 1029 3033 πολλάκις
1051 2958 1178 3042 ἐγένετο
1210 2964 1252 3027 ib.
1281 2954 1356 3024 τινὰ

181 3068 450 3149 περιοικοδομῶν
484 3071 527 3137 ib.
554 3066 679 3155 πατρὸς
691 3067 881 3152 ἐπιβιόντος
904 3073 922 3154 ᾗ
942 3079 959 3137 5
978 3068 1052 3134 τότε
1074 3073 1356 3154 παραγενομένοις

181 3173 199 3256 §
223 3181 241 3238 6
267 3168 385 3259 πατέρ’
408 3171 586 3242 α’δικοῦντα
610 3179 658 3243 ib.
682 3173 837 3264 ἠνέγκατε
860 3175 936 3244 τότε
950 3187 1014 3245 etc.
1051 3181 1100 3244 Ne
1114 3179 1355 3244 Demosthenes

180 3283 253 3362 ipse
289 3283 420 3364 quidem
457 3286 491 3350 in
525 3287 731 3352 orationibus
771 3289 972 3354 tutelaribus
1006 3289 1114 3370 legem
1140 3287 1231 3352 illam
1257 3295 1355 3351 caule

181 3397 295 3456 servat
319 3392 372 3470 (ci.
399 3393 507 3459 Blass
532 3413 563 3476 p.
589 3401 664 3461 202.
689 3415 717 3477 p.
732 3397 821 3481 214),
846 3401 995 3462 attamen
1018 3397 1052 3460 in
1076 3395 1118 3461 iis
1143 3402 1209 3460 tam
1233 3412 1354 3476 graves

180 3503 213 3562 et
238 3498 430 3578 frequentes
453 3501 603 3567 brevium
629 3504 834 3584 syllabarum
852 3505 1095 3570 cumulationes
1115 3521 1179 3567 non
1195 3501 1353 3584 reperies,

179 3605 380 3688 Quamquam
405 3609 547 3674 concedo
571 3611 655 3674 hanc
678 3613 925 3694 neglegentiam
952 3630 1008 3692 pro
1037 3630 1161 3694 genere
1192 3609 1352 3675 orationis

177 3730 242 3775 non
257 3712 306 3777 ita
322 3715 432 3796 magni
449 3718 602 3782 momenti
621 3737 704 3785 esse.
736 3720 817 3784 Plus
832 3720 950 3786 valent
966 3720 1008 3784 ad
1024 3737 1093 3784 rem
1110 3717 1350 3802 explicandam,

177 3837 262 3898 quae
288 3821 328 3885 de
352 3820 445 3886 hiatu
470 3823 609 3889 dicenda
635 3832 720 3892 sunt.
1314 3825 1318 3832 ’

283 3927 580 4012 Benselerum*)
615 3931 753 4013 primum
785 3933 971 4000 ostendisse
996 3940 1126 3999 constat
1150 3934 1190 3998 ab
1216 3932 1349 4014 optimis

175 4031 314 4100 Graecis
340 4037 560 4117 scriptoribus
595 4041 760 4120 pedestris
796 4041 956 4108 orationis
987 4041 1113 4110 hiatum
1138 4040 1251 4107 eodem
1276 4041 1348 4106 fere

80 4135 83 4140 ’
174 4141 267 4214 modo
304 4144 466 4210 evitatum
503 4164 577 4212 esse
606 4130 710 4229 'atrine
747 4148 906 4230 opooetis.
953 4151 1196 4218 Demosthenes
1220 4149 1254 4216 iu
1279 4148 1348 4213 uni·

234 4371 259 4438 *l
279 4372 317 4428 De
336 4373 414 4427 hiatu
432 4375 460 4429 in
479 4377 631 4435 oratoribus
651 4380 750 4446 atticis.
769 4381 916 4458 Fribergae
935 4384 1013 4447 1841,
