3254 4998
649 365 872 424 ..35-

174 559 406 641 responsiones
429 556 561 622 additae
585 561 670 638 sunt,
697 562 734 621 ot
758 556 790 620 in
815 553 890 641 §13
905 558 1014 619 καίτοι
1038 559 1158 639 είς-;
1183 549 1286 628 οὐδείς
1311 578 1355 636 γε.

173 671 224 740 τίς
247 668 284 730 δέ
305 690 364 746 —-;
391 659 465 728 οὐδὲ
488 654 577 726 τοῦτ’
600 654 694 744 οἶμαι
718 661 759 729 ef.
784 662 998 746 Uhlium*),
1025 664 1078 744 qui
1105 665 1353 730 Demosthenem

176 777 210 841 in
236 775 424 840 universum
450 771 534 838 tales
569 771 796 852 responsiones
819 771 853 836 in
878 771 1003 835 deliciis
1027 771 1181 836 habuisse
1207 773 1356 837 onmihns

176 882 336 963 exemplis
367 877 530 960 congestis
563 878 775 944 demonstret.
823 879 1009 944 Notandum
1042 891 1099 942 ao
1101 897 1150 944 em
1184 888 1235 944 est
1269 879 1353 960 apud

178 992 313 1057 Demost
300 989 428 1052 thenem
453 986 542 1052 nullo
566 985 636 1051 loeo
659 985 794 1066 reperiri
819 985 1059 1066 responsionem
1086 980 1191 1090 οὐδείς
1215 1007 1259 1065 γε,
1285 1005 1356 1052 oum

179 1097 369 1178 saepissime
406 1094 494 1174 legat
481 1101 535 1158 ι·ιιι
581 1087 686 1164 οιδεις
720 1086 828 1176 δήπου
864 1103 923 1158 aut
910 1087 1033 1156 tuido*
1069 1079 1123 1163 εἷς
1181 1095 1358 1159 Praeterea

180 1203 388 1272 offensionem
423 1201 585 1280 quandam
624 1201 758 1280 praebet
789 1200 894 1289 altera
927 1206 1010 1265 orta1
1003 1200 1084 1264 onis
1109 1201 1166 1264 LV
1189 1202 1358 1282 responsio

181 1306 258 1375 οὐδὲ
281 1297 473 1387 τοῦιοῖμοι,
499 1306 620 1388 qruippe
659 1323 742 1386 quae
774 1283 1013 1372 ateeommodata
1038 1327 1101 1371 non
1126 1309 1169 1372 sit
1193 1308 1234 1372 ad
1258 1311 1358 1373 inter-

183 1417 385 1499 rogationem
410 1413 654 1480 antecedentem
689 1416 738 1484 ’τίς
766 1412 802 1476 δὲ
824 1409 929 1477 πάλιν
951 1407 1028 1484 τούς
1051 1407 1153 1476 αὑτοῦ
1176 1411 1360 1498 προγόνους

185 1519 354 1611 θάπτειν,
379 1522 411 1588 Si
437 1521 594 1586 nonnulla
617 1523 719 1586 verba
742 1529 850 1586 mente
875 1521 1079 1603 assumimus,
1104 1531 1141 1586 ut
1128 1513 1240 1586 ιοιῖδὲ
1270 1514 1361 1585 νοῦν

188 1621 281 1710 οἶμαι
314 1629 383 1696 seii
423 1624 502 1692 νινιί
534 1619 697 1712 ποιήσειν,
734 1629 841 1694 omnia
846 1623 1004 1709 quidem
1041 1637 1129 1694 reete
1164 1649 1199 1694 so
1225 1630 1243 1693 ιι
1248 1632 1359 1712 then
1384 1633 1385 1638 ’

187 1747 329 1804 attamen
364 1737 430 1802 tale
466 1753 569 1818 genus
605 1736 733 1806 dicentii
766 1744 953 1800 accuratum
978 1731 1041 1800 non
1067 1744 1124 1802 est.
1171 1736 1205 1802 Si
1231 1737 1362 1803 Demos·

186 1847 314 1912 thenem
339 1844 537 1926 perlegimus
573 1844 640 1908 tale
674 1843 802 1926 vitium,
830 1851 866 1916 ιιι
889 1843 938 1906 ita
962 1842 1078 1928 dicam,
1103 1844 1136 1908 in
1162 1862 1222 1908 usn
1247 1845 1360 1910 harum

185 1951 426 2032 responsionem
452 1969 515 2018 non
539 1951 729 2032 reperimus.

292 2058 414 2140 Ironia,
440 2075 522 2138 ntiae
546 2057 661 2140 liguris
685 2058 923 2122 sententiarum
942 2058 1149 2124 annumerari
1174 2060 1268 2142 solet,
1287 2079 1362 2124 eon-

186 2168 311 2234 tinetut·
337 2166 444 2234 verbis
467 2163 486 2251 ξ
513 2171 552 2230 18
577 2147 596 2249 ἦ
620 2187 686 2228 πον
708 2161 832 2248 σφόδρα
855 2158 990 2250 huppem
1014 2203 1056 2212 -
1080 2161 1200 2252 α’φείην
1223 2163 1274 2244 ἄν,
1300 2185 1363 2248 quo

186 2276 256 2342 loeo
292 2274 345 2338 vis
379 2273 513 2356 ironica,
548 2291 631 2353 quae
666 2274 729 2341 iam
767 2272 911 2338 efficitur
941 2274 1065 2338 voculis
1089 2253 1108 2358 ἦ
1132 2296 1198 2337 πον
1222 2287 1364 2358 augetur

188 2382 299 2448 addito
331 2381 503 2462 participio
533 2371 666 2468 θορῥῶν
695 2380 749 2462 (ιι.
781 2380 905 2446 Gehau.
937 2379 1037 2461 praei.
1063 2400 1092 2461 p.
1118 2379 1232 2466 XXi).
1256 2383 1365 2448 (lonti-

187 2500 309 2554 nuatur
333 2496 366 2556 ot
389 2488 657 2568 augeturironiu
671 2469 1006 2568 verbissoqnentihns
1032 2483 1071 2550 οὗ
1096 2484 1158 2572 γοὶρ
1183 2485 1313 2552 ἐκπιεῖν
1331 2510 1364 2568 γε

190 2591 297 2680 δήπου
322 2604 381 2662 ete.
429 2596 568 2662 Omnino
592 2599 661 2662 tnta
687 2595 790 2660 oratio
815 2594 909 2674 otiosi
934 2613 1109 2676 conspersa
1131 2605 1181 2660 est
1199 2597 1365 2661 hilaritate

191 2704 330 2784 quadam
367 2722 428 2771 non
466 2703 586 2784 inepta.
638 2702 755 2768 Joeoso
792 2702 878 2766 dieta
914 2710 991 2766 sunt
1027 2703 1126 2767 etiam
1163 2704 1265 2768 verba
1297 2702 1316 2789 ξ
1344 2709 1366 2768 4

188 2812 298 2872 καίτοι
334 2809 432 2896 δῆλον
467 2801 520 2872 ὅτι
554 2810 608 2874 και
643 2801 720 2873 πόθ’
759 2803 861 2872 ὕδατα
895 2805 1052 2880 πολλάκις
1087 2811 1217 2889 ἐγένετο
1250 2805 1366 2889 [ὕδατα

189 2921 345 2998 γενέσθαι
369 2957 402 2998 ÷=
427 2908 499 2980 {leto
535 2915 574 2982 ef.
615 2917 810 3000 Sandysium
846 2916 896 2982 ad.
921 2918 950 2982 h.
977 2918 994 2980 l.
1030 2917 1189 2997 Krueger,
1223 2917 1366 2998 Spraehl.

191 3023 209 3109 ξ
235 3032 288 3106 61,
314 3032 345 3108 4,
371 3043 444 3092 aun.
468 3030 489 3090 4
513 3026 613 3095 Thoe.
642 3022 679 3104 il,
706 3029 733 3088 5,
760 3023 816 3106 VI,
843 3023 910 3105 70).
959 3024 1113 3088 Eiusdem
1143 3025 1274 3104 generis
1306 3034 1366 3107 est,

190 3131 276 3213 quod
302 3139 412 3196 orator
435 3131 468 3198 ιιι
492 3134 509 3210 ἕ
535 3137 576 3196 30
612 3131 692 3198 dicit
727 3130 950 3196 adversarium
987 3138 1093 3196 mente
1129 3140 1259 3210 captum
1294 3149 1366 3196 esse

190 3239 450 3322 (διεφθαρμένον
476 3231 540 3300 ὑπὸ
566 3232 686 3319 νόσον).
727 3237 879 3305 Dubitari
904 3243 1021 3319 potest,
1047 3256 1122 3302 num
1147 3238 1228 3302 talia
1244 3257 1369 3304 areom-

192 3345 323 3411 modata
346 3347 414 3410 sint
439 3345 479 3410 ad
505 3345 732 3418 Demosthenis
757 3363 861 3426 genus
885 3345 1021 3409 dicentii.
1046 3345 1184 3410 Veteres
1204 3347 1369 3411 aDemos·

194 3453 292 3518 thena
325 3451 463 3518 facetias
499 3453 689 3536 plerumque
733 3451 1069 3532 abiudicavorunt**)‚
1106 3452 1156 3516 cui
1193 3452 1367 3516 iudiciuin

193 3559 381 3624 universum
417 3559 570 3624 assentiri
603 3559 765 3628 dehemus.
812 3558 948 3639 Saepius
981 3557 1109 3639 quidem
1135 3559 1370 3625 Demosthenes

193 3667 314 3734 acerba
338 3667 548 3732 cavillatione
572 3667 605 3730 in
630 3666 837 3731 adversarios
861 3665 1028 3730 invehitur
1044 3663 1100 3746 nef.
1117 3666 1220 3730 Blass.
1234 3685 1263 3747 p.
1281 3668 1369 3749 164),

193 3781 339 3840 attamen
365 3773 436 3838 sine
467 3773 565 3838 duhio
594 3774 721 3854 placido
754 3773 812 3838 ilio
844 3773 964 3854 Lysiae
989 3774 1096 3853 lepore
1121 3780 1218 3838 earet.
1265 3775 1312 3838 Ne
1338 3773 1370 3838 in

192 3882 262 3950 illis
286 3881 417 3962 quidem
450 3880 662 3962 orationibus,
695 3881 727 3944 iu
763 3881 880 3962 quihus
913 3859 995 3964 ἦθος
1019 3880 1191 3961 Lysianum
1218 3879 1314 3960 inest,
1337 3882 1371 3945 in

194 4044 406 4054 .-—-—.——

264 4151 289 4216 ⁴)
308 4151 342 4204 In
361 4150 424 4206 diss.
445 4150 462 4206 ι.
484 4105 522 4202 De
540 4163 657 4216 prooem.
676 4146 736 4202 eoll.
756 4164 780 4216 p.
795 4147 838 4202 23.

247 4243 290 4307 *4)
311 4239 352 4295 ef.
390 4239 621 4308 Pseudo-Longin.
660 4241 730 4312 Περὶ
755 4234 844 4306 ὕψους
880 4237 924 4305 34,
943 4237 959 4289 3
979 4237 1067 4290 Aliter
1097 4237 1188 4292 Cicero
1220 4243 1312 4292 orator
1329 4239 1373 4311 90·

305 4331 428 4385 Ceterum
449 4329 482 4385 ef.
503 4330 587 4384 Blass.
607 4345 632 4396 p.
654 4327 704 4382 163
724 4343 763 4394 sq.
783 4344 808 4394 p.
828 4328 880 4381 197
900 4327 984 4392 (Lord
1003 4327 1195 4394 Borougham).
