3254 4998
632 421 852 480 ..21-

258 603 307 676 oi
326 605 386 694 γὰρ
409 607 540 674 ἐκπιεῖν
564 633 597 691 γε
627 607 744 696 δήπου.
768 612 956 676 Formulam
981 605 1019 674 οὐ
1043 605 1104 693 γὰρ
1130 609 1236 696 δήπου
1260 612 1325 680 fre-

150 720 399 802 quentissimam
434 736 507 786 esse
542 718 629 800 apud
664 737 775 784 omnes
810 725 956 783 oratores
980 718 1127 800 intellegi
1152 727 1262 801 potest
1285 739 1327 786 ex

149 828 240 910 lociS,
267 845 347 908 quos
371 826 564 892 Gohauerus
589 823 710 908 (praef.
734 845 764 904 p.
788 825 922 907 XVIII)
948 825 1089 906 collegit.

257 938 275 1014 ξ
303 940 341 998 19
365 925 489 1016 Χᾶνερ’
522 929 615 998 ἄττα.
655 933 777 997 Eadem
811 932 915 997 forma
948 951 1090 1014 prooem.
1114 932 1216 998 indes.
1239 934 1324 1016 apud

150 1035 402 1110 Demosthenem
438 1040 561 1120 legitur
595 1039 624 1119 1,
648 1046 699 1104 28.
735 1040 797 1121 ΠΙ,
839 1045 888 1104 32.
925 1040 1019 1124 XIX,
1056 1047 1130 1106 210.
1165 1040 1325 1124 XXII,8

150 1141 235 1234 ἕτερ’
259 1145 352 1213 ἄντα.
376 1148 509 1225 XXIII,
537 1155 576 1212 72
590 1142 661 1226 dat'
673 1143 768 1210 ἄνια.
782 1144 949 1233 [XXXV]‚
964 1155 1014 1213 31.
1029 1144 1234 1235 [XXXVII],
1250 1147 1324 1230 33²⁸)

150 1261 326 1325 Praeterea
351 1274 421 1321 eam
445 1255 576 1336 repperi
600 1256 687 1336 apud
711 1255 902 1321 Aeschinem
928 1257 975 1339 II,
1001 1261 1053 1320 98.

252 1358 542 1443 ‘Opolopoo‘panm
556 1357 717 1446 χαράδραι
733 1364 773 1426 In
791 1362 994 1430 orationihus
1010 1364 1162 1444 genuinls
1175 1364 1325 1444 particip.

150 1467 413 1553 ὁμολογούμενος
446 1470 544 1536 semel
581 1470 776 1536 attributiue
813 1480 1005 1550 usurpatum
1051 1478 1102 1542 est
1138 1472 1248 1554 XXX,
1284 1479 1325 1538 30

152 1575 242 1644 ταῦτ’
265 1574 323 1657 οὐχ
346 1573 591 1661 ὁμολογουμένη
614 1580 808 1661 προστασία
865 1578 1117 1646 Exorationibus
1152 1579 1326 1661 suppositi-

154 1689 210 1752 ciis
234 1689 311 1752 haec
342 1685 461 1751 similia
497 1687 646 1764 exempla
674 1686 785 1751 notavi
817 1683 894 1771 [XL
919 1685 992 1768 IV],
1018 1693 1057 1750 27
1083 1682 1120 1750 τὰ
1146 1680 1326 1767 ὁμολογού-

152 1817 253 1876 μενον
287 1799 378 1874 γένος
414 1789 531 1880 [LVII
570 1799 584 1856 l
611 1787 770 1877 α’ργύριον
787 1788 945 1878 ,φανερὸν
968 1795 1023 1857 καὶ
1048 1787 1326 1875 ὁμολογούμενον.

152 1903 335 1985 Sandysins
371 1901 436 1982 (ad.
472 1901 502 1965 h.
538 1901 583 1984 1.),
620 1901 675 1981 qui
710 1902 793 1966 hanc
834 1902 1026 1967 locutionem
1047 1895 1327 1982 ’ὁμολογούμεναι

149 2007 312 2095 χαράδραι
346 2018 436 2074 recte
476 2009 619 2090 appellat
655 2028 694 2091 „a
717 2011 847 2075 ruricus
871 2011 1094 2091 expression“,
1119 2010 1326 2091 comparandi

151 2137 251 2186 causa
276 2116 370 2183 affert
393 2117 516 2184 Andoc-
543 2112 629 2203 [IV],
660 2123 695 2180 17
723 2111 820 2180 οὐδὲν
843 2099 941 2201 ἧττον
965 2121 1028 2180 τῶν
1056 2110 1328 2197 ὁμολογουμένων

80 2261 82 2264 -
151 2223 287 2290 δούλων.
311 2225 441 2291 Pariter
464 2226 545 2289 Isae.
571 2224 627 2305 VI,
653 2224 693 2290 49
719 2216 885 2307 ἡαούτων
908 2219 1016 2308 μητὴρ
1033 2217 1133 2296 οὕτως
1146 2218 1327 2304 ὁμολογου-

153 2337 237 2420 μένα
262 2315 339 2394 οὖσα
363 2328 530 2416 totunm).
1030 2379 1032 2386 .

258 2432 426 2510 Ὡσαύτως.
452 2439 576 2506 Eadem
601 2440 764 2520 particula
787 2440 911 2522 legitur
934 2441 1032 2522 XIX,
1055 2447 1129 2523 226,
1156 2449 1328 2523 praeterea

155 2544 306 2634 [XXVI],
341 2554 371 2627 3,
407 2548 436 2627 5,
474 2555 502 2612 6.
553 2547 670 2627 Itaque
713 2547 1004 2629 Braunius***),
1051 2567 1122 2614 eum
1163 2549 1203 2614 ad
1243 2551 1327 2614 hanc

154 2653 331 2719 orationem
368 2651 512 2740 [XXVI]
549 2662 698 2719 auriotat:
726 2656 848 2739 „Quam
873 2656 1068 2736 particulam
1093 2655 1216 2721 frustra
1241 2656 1325 2736 apud

154 2773 298 2826 oratores
334 2761 454 2826 atticos
489 2761 668 2844 quaesivi“,
703 2780 767 2826 non
806 2762 888 2827 sat1's
923 2762 1101 2844 diligenter
1125 2762 1327 2843 quaesivisse

153 2868 290 2933 videtur.
338 2869 489 2933 Mirabile
513 2869 640 2950 quidem
666 2875 717 2934 est
738 2871 822 2934 hauc
838 2887 951 2934 vocem
969 2876 1034 2937 tam
1052 2888 1125 2934 raro
1142 2871 1175 2934 in
1193 2888 1326 2952 corpore

151 2976 334 3040 orationum
361 2975 525 3041 Demosth,
550 2976 687 3058 reperiri
699 2977 740 3057 §t

261 3081 280 3163 ,ἢ
304 3089 345 3148 20
365 3076 411 3147 Ὃ
441 3085 496 3145 καὶ
520 3079 656 3146 πάντων
680 3079 767 3146 ἐστὶν
796 3080 997 3148 δεινότατον.
1044 3086 1094 3150 De
1118 3086 1178 3150 hoc
1208 3104 1325 3151 annec-

35 3234 39 3247 .
152 3189 244 3254 tendi
269 3209 386 3272 genere
412 3192 601 3271 pronomine
624 3192 762 3256 relativo
780 3211 851 3257 cum
870 3193 984 3262 vocula
1002 3191 1058 3254 καὶ
1074 3192 1162 3258 facto
1180 3193 1326 3258 homines

37 3364 42 3385 Ι
150 3296 239 3362 docti
274 3300 439 3379 permulta
475 3299 727 3379 disputaverunt
750 3309 784 3364 et
809 3301 841 3364 in
871 3300 1113 3368 diversissimas
1144 3303 1326 3367 sententias

149 3404 381 3470 discesserunt.
409 3407 521 3490 Locos,
550 3407 605 3486 qui
629 3408 692 3472 huc
716 3408 892 3492 pertinent,
917 3427 958 3474 ex
975 3409 1123 3475 omnibus
1139 3410 1326 3476 oratoribus

148 3513 397 3578 accuratissime
422 3515 586 3596 congessit
610 3515 801 3580 Gebauerus
825 3515 871 3597 (p.
897 3516 1051 3599 96-97).
1097 3517 1327 3582 DemosthenIs

37 3664 42 3707 f
146 3618 318 3685 orationes
342 3622 506 3702 genuinae
542 3641 638 3688 unum
669 3623 825 3687 eiusmodi
855 3624 958 3689 locum
985 3625 1141 3689 exhibent
1164 3625 1259 3700 XIX,
1284 3631 1325 3690 86

148 3763 365 3773 ...affl-.-

216 3850 242 3920 *)
262 3851 302 3906 cf.
330 3851 416 3906 Rehd.
445 3853 498 3906 ind.
528 3853 556 3907 11
575 3869 596 3907 a.
616 3870 640 3906 v.
670 3853 746 3921 Uhle,
765 3853 818 3906 'De
846 3855 1039 3922 prooemiorum
1068 3855 1231 3922 collectione,
1258 3871 1327 3922 quae

260 3941 448 3997 Demosthenis
476 3944 583 3996 nomine
611 3942 705 4008 fertur,
725 3944 837 4011 origine.
875 3944 970 4012 Progr.
991 3944 1139 3999 Chemnitz.
1160 3945 1238 4011 1885,
1259 3961 1281 4012 p.
1301 3945 1327 3999 5.

198 4031 237 4098 **)
258 4031 358 4085 Contra
380 4032 614 4086 Pseudodemosth.
636 4031 756 4104 [XXIX],
778 4033 812 4086 14
830 4027 879 4088 τὸν
898 4026 1127 4109 ὁμολογουμένως
1145 4033 1250 4088 δοῦλον.

176 4120 239 4185 ***)
261 4121 300 4174 De
320 4121 424 4174 duabus
443 4123 571 4176 adversus
581 4121 796 4190 Aristogitonem
815 4123 991 4191 orationibus,
1012 4137 1078 4190 quas
1091 4123 1231 4176 Demosth.
1245 4123 1327 4190 scrip·

260 4211 326 4264 sisse
345 4209 442 4266 fertur.
480 4211 549 4264 Diss.
570 4211 723 4279 Gryphisw.
744 4213 815 4267 1873
834 4228 860 4280 p.
880 4215 923 4266 23.

214 4299 241 4366 ἓ)
262 4301 341 4367 Apud
362 4300 527 4354 Herodotum
547 4307 574 4354 ot
593 4301 733 4354 Platonem
753 4301 970 4368 frequentissima
989 4308 1038 4369 est,
1056 4302 1126 4370 apud
1145 4302 1327 4369 Thucydidem

259 4405 313 4442 non
333 4390 443 4457 legitur,
462 4406 496 4445 nc
515 4391 587 4458 apud
606 4399 726 4445 oratores
745 4392 851 4458 quidem
872 4391 935 4445 alibi
955 4399 1062 4446 exstare
1081 4391 1196 4446 videtur.
