3254 4998
633 415 855 480 ...25-

252 611 334 683 ,Iam
359 610 463 694 igitur
486 611 664 692 videamus,
695 612 814 692 quihus
838 614 935 677 nebus
959 613 1064 676 oratio
1088 613 1148 677 LV
1172 610 1335 690 discrepet

154 739 176 784 κ
200 719 433 784 Demosthenis
457 737 578 800 genere
602 717 741 784 dicendi.
767 721 815 783 Ac
839 718 976 799 primum
1003 719 1132 798 quidem
1161 736 1199 784 ea
1235 719 1336 782 verba

155 832 191 892 et
215 825 396 890 locutiones
413 843 648 907 enumeremus,
673 825 859 911 exquibus,
885 844 1079 906 quiamquam
1097 825 1336 891 Demosthenes

155 934 198 999 iis
222 951 286 998 non
314 935 429 1017 utitur,
455 941 563 998 temen
590 933 689 999 certis
714 933 753 998 dc
783 933 891 998 causis
927 931 1111 999 differentia
1143 932 1337 998 elocutionis

155 1042 228 1122 cogi
253 1059 318 1105 non
343 1046 459 1121 potest..
508 1041 598 1105 Haec
622 1041 722 1106 verba
759 1046 932 1121 propterea
966 1040 1053 1122 apud
1086 1040 1336 1106 Demosthenem

155 1145 221 1213 non
245 1148 473 1228 inveniuntur,
506 1148 590 1227 quod
628 1146 668 1212 ad
706 1147 789 1212 tales
824 1165 877 1212 res
913 1154 1074 1228 spectant,
1097 1147 1211 1228 quoles
1235 1147 1337 1212 solius

156 1255 318 1321 orationis
342 1256 402 1321 LV
425 1261 559 1336 propter
582 1273 685 1336 genus
710 1254 1003 1335 eauseepuopriue
1027 1262 1121 1320 sunt:

265 1365 302 1442 ἐξ
328 1368 358 1446 3,
385 1364 415 1444 4,
440 1370 471 1447 8,
501 1369 549 1446 15,
565 1369 617 1444 29,
633 1368 674 1426 32
699 1361 971 1445 περιοικοδομεῖν
986 1357 1023 1424 τὸ
1047 1363 1167 1444 χωρίον
1184 1359 1333 1440 (fundum

154 1489 248 1534 muru
296 1469 573 1550 circumcludere).
621 1470 639 1550 §
676 1475 714 1534 11
764 1468 1037 1549 περιοικοδομεῖν
1080 1461 1141 1551 τὴν
1176 1463 1337 1547 αἱμασιάν

157 1577 301 1660 (murum
326 1576 414 1641 circa
437 1574 573 1641 fundum
597 1575 795 1656 aedificare).

262 1682 327 1769 §4
351 1679 518 1763 ἐπιβιοῦν.

261 1788 435 1876 §§5,112‚
462 1798 503 1856 30
526 1784 780 1869 α’ποιιιοδομεῖν.

262 1896 324 1982 §5
349 1894 507 1981 χαράδρα.

258 2004 278 2091 ξ
306 2012 346 2071 10
370 1999 508 2069 εὐοδεῖν

254 2110 279 2238 t§
305 2119 345 2178 ll
370 2108 551 2194 ἐπομβρία,
575 2113 608 2178 11)
642 2106 781 2188 α’σνικός,
806 2113 850 2177 ib.
874 2106 1055 2188 ὁδοποιεῖν,
1078 2113 1125 2177 11).
1149 2107 1335 2191 ἐπινέμειν,

156 2220 202 2284 11).
228 2215 378 2299 αἱμασιά.

264 2325 284 2412 ξ
311 2334 349 2392 15
385 2319 615 2410 α’ποφραπτειν
639 2329 681 2393 11).
715 2328 977 2412 παροικοδομεῖν
1000 2328 1043 2392 11).
1076 2323 1335 2410 παραλλάττειν.

264 2432 326 2520 §1
312 2435 582 2502 18διαπίπτειν.

261 2541 281 2628 ξ
307 2550 346 2608 19
372 2535 556 2631 χείμαρρος.

262 2648 281 2735 ξ
305 2658 348 2716 20
371 2643 552 2730 ἁμαξιαῖος,
579 2653 618 2716 11).
643 2651 886 2735 προσκομίζειην

262 2759 279 2840 ξ
305 2766 346 2824 22
371 2757 493 2842 χλῆδος

262 2865 349 2951 §24
373 2868 512 2949 βρέχειν,
539 2868 578 2932 11
604 2869 778 2952 ξηραίνειν,
802 2868 845 2932 11).
870 2863 1114 2946 εποικοδομεῖν.

264 2973 283 3057 ξ
309 2980 350 3039 29
375 2977 546 3056 μετέωρος.

263 3081 426 3148 Αδδεαδα
449 3090 526 3146 sunt
540 3084 641 3147 verba
658 3082 799 3148 ciusdem
818 3083 958 3165 generis
983 3102 1066 3164 quae
1081 3103 1100 3148 a
1113 3085 1334 3150 Demosthene

153 3189 220 3254 ulio
245 3207 344 3254 sensu
379 3199 478 3270 atque
513 3191 544 3253 in
582 3191 729 3256 oratione
763 3192 832 3275 LV,
869 3192 1058 3272 plerumque
1083 3194 1251 3274 translate,
1277 3193 1332 3258 nd-

154 3297 329 3363 hibentur:

260 3402 280 3489 ξ
304 3410 323 3469 5
348 3401 533 3485 ἐμπίπτειν
566 3425 666 3472 sensu
692 3407 834 3488 proprio,
859 3406 1211 3488 upndDemosthenem
1227 3414 1333 3472 trans·

151 3512 222 3577 late
245 3511 373 3596 XVIII,
398 3518 451 3597 42,
478 3520 529 3599 59,
555 3521 630 3598 211,
655 3533 743 3597 saep.

262 3616 281 3704 ξ
318 3627 357 3685 10
390 3612 566 3704 καταρρεῖν
604 3641 702 3688 sensu
744 3623 884 3707 proprio,
924 3623 968 3707 ΙΙ,
1012 3629 1050 3688 10
1092 3622 1262 3688 translate.

261 3728 304 3792 io.
329 3721 525 3813 ὑπεραίρειν
548 3725 594 3801 είς
616 3723 656 3792 τοὶ
680 3732 792 3815 χωρία,
816 3730 945 3809 XVIII,
972 3736 1036 3794 220
1060 3722 1228 3815 ὕπερῆρας
1257 3726 1333 3802 τοδς

148 3831 274 3905 ἄλλους
291 3829 392 3922 ῥώμῃ.

261 3941 346 4028 §15
382 3940 554 4026 βιάζεσθαι
601 3946 750 4010 absolute
783 3946 823 4010 de
868 3964 954 4026 nquu
996 3951 1185 4026 usurpatum
1215 3984 1250 4005 π
1275 3963 1333 4026 pen

146 4051 220 4118 vim
246 4067 426 4132 erumpere.
474 4054 569 4134 Apud
601 4053 852 4118 Demosthenem
878 4070 976 4134 saepe
998 4051 1038 4117 δε
1063 4051 1217 4135 personis
1253 4052 1330 4117 Doll.

148 4160 213 4224 loc.
240 4158 344 4224 Rehd.
369 4158 435 4224 ind.
459 4158 504 4226 II.
530 4179 555 4226 s.
579 4182 611 4226 v.
637 4161 723 4243 (αδδ.
747 4160 841 4245 ΧΙΧ,
867 4162 955 4241 238).

261 4263 280 4350 ξ
306 4270 348 4330 24
371 4257 581 4330 α’πιοκλίνειν
606 4267 670 4333 vid.
696 4268 808 4333 Reisk.
835 4265 901 4334 ind.
927 4286 952 4334 s.
978 4287 1008 4333 v.

262 4372 347 4438 Aliis
371 4375 411 4440 de
427 4375 577 4459 causis*)
602 4377 644 4442 αδ
659 4375 883 4457 quaestionem
901 4376 1100 4457 propositam
1118 4375 1200 4440 nihil
1217 4377 1331 4442 valent

148 4485 238 4550 haec
263 4481 480 4548 differentiae:

145 4591 369 4604 ...———-——-

208 4625 236 4695 ⁸l
256 4624 331 4692 Quod
350 4625 470 4680 dativum
490 4625 610 4700 ineptum
623 4625 639 4704 ς
651 4627 684 4680 10
697 4628 872 4706 τοϊςχωρίοις,
884 4623 930 4696 qni
949 4639 1035 4693 neque
1063 4640 1121 4678 cum
1150 4626 1329 4702 περιέχοντος
