3254 4998
755 417 976 479 ..44-

288 612 360 678 eius
384 611 518 694 propria
542 614 644 694 esset,
669 609 777 676 minos
809 610 1068 676 accommodatas
1092 627 1166 675 esse
1189 610 1223 675 in
1246 611 1472 676 antecedente

290 720 400 800 capite
425 719 571 801 exposui.
613 719 721 801 Quare
745 719 810 782 ianr
836 735 1042 798 quaeratione,
1067 736 1142 782 num
1161 719 1472 799 comprehensiones

289 828 324 893 in
341 828 490 892 oratione
506 826 727 910 reperiantur,
737 843 821 904 ortae
838 831 973 906 propter
988 824 1237 907 neglegentiam
1254 824 1472 890 offensionem

293 937 480 1016 praebeant.
526 932 722 1020 Videbimus
747 938 853 997 autem
879 932 1055 996 nonnullas
1073 939 1186 1012 partas
1211 931 1368 997 orationis
1392 939 1471 997 arte

291 1041 520 1109 Demosthenis
545 1040 625 1105 adeo
650 1057 761 1104 carere
785 1044 819 1104 et
843 1045 910 1104 tam
934 1039 1009 1105 laxe
1033 1041 1230 1120 compositas
1254 1058 1337 1121 esse,
1363 1046 1400 1103 nt
1424 1039 1471 1105 iis

292 1156 326 1215 et
350 1149 514 1230 elegantia
550 1155 584 1213 et
614 1152 773 1213 venustas
802 1165 872 1212 meo
904 1146 1031 1227 quidem
1065 1147 1186 1212 iudicio
1219 1165 1352 1228 prorsus
1376 1146 1475 1212 desit.

292 1257 435 1323 Maxime
471 1257 531 1322 hoo
567 1255 738 1320 dicendum
780 1259 832 1319 est
864 1254 906 1319 dc
936 1257 972 1334 ἓξ
999 1261 1038 1320 10
1064 1260 1099 1320 ct
1125 1261 1175 1338 11,
1200 1253 1234 1320 in
1259 1254 1379 1334 quibus
1404 1261 1475 1319 tam

293 1365 429 1430 moleste
453 1363 628 1446 participia
653 1364 875 1445 cumulantur,
900 1369 936 1427 nt
960 1361 1068 1426 inhia
1093 1361 1218 1427 duabus
1255 1361 1476 1444 paragraphis

294 1472 462 1539 duodecim
511 1470 688 1552 participia
720 1470 883 1550 legantur.
931 1471 1004 1535 Non
1028 1470 1135 1534 minus
1159 1469 1268 1551 turpis
1294 1475 1347 1535 est
1370 1469 1477 1550 parti-

295 1581 451 1662 cipiorum
488 1578 696 1644 coacervatio
731 1577 766 1642 in
794 1581 812 1658 ξ
836 1585 877 1642 23
902 1579 957 1662 τῆς
980 1570 1041 1660 γάρ
1063 1572 1185 1660 μητρὸς
1207 1579 1263 1660 τῆς
1286 1573 1365 1660 ἐμῆς
1387 1598 1476 1658 χρω-
1564 1561 1567 1568 “

295 1683 462 1772 μένης-
487 1678 720 1768 α’φικνουμέων
753 1723 794 1730 —
819 1680 1018 1770 ἀμφοτέρων
1053 1681 1211 1747 οἰκουσῶν
1240 1723 1282 1729 —-
1306 1684 1362 1746 καὶ
1387 1705 1478 1763 γειτ-

295 1798 420 1859 νιωσῶν
464 1832 506 1839 --
543 1784 722 1880 χρωμένων
765 1831 806 1837 -
847 1785 1004 1876 ἐλθούσης
1051 1831 1093 1838 -
1139 1787 1395 1877 ἀποδυραμένης
1432 1829 1476 1838 -

295 1896 504 1988 δεικνυούσης
528 1893 627 1972 οὕτως
650 1896 856 1981 ἐπυθόμεθα
880 1896 992 1965 πάντα
1016 1895 1119 1986 ἡμεῖς.

402 2009 524 2076 lladem
559 2009 771 2092 neglegentia
807 2009 1005 2088 compositae
1030 2016 1107 2074 sunt
1130 2007 1265 2093 periodi,
1292 2027 1376 2089 quae
1399 2009 1477 2073 sub-

299 2127 481 2200 sequnntur
503 2117 539 2181 in
562 2114 581 2202 ξ
605 2122 657 2198 24,
683 2117 803 2198 quippe
828 2135 911 2196 qnae
935 2123 1008 2181 arta
1033 2115 1241 2196 copulatione
1271 2115 1479 2198 singularum

299 2225 443 2307 partium
469 2225 599 2290 omnino
624 2231 766 2290 careant.
815 2226 918 2308 Quam
944 2223 1103 2305 dissolute
1127 2222 1286 2312 inscrtum
1312 2229 1363 2290 est
1391 2221 1478 2286 illud

300 2326 383 2397 οὕτω
415 2355 474 2413 μοι
509 2327 605 2395 πολλ’
641 2323 752 2411 άγαθά
789 2327 926 2414 γένοιτο,
963 2327 996 2393 εἰ
1027 2329 1062 2393 δὲ
1100 2325 1280 2416 ψεύδομαι,
1316 2324 1481 2392 advocata

299 2438 434 2516 τούτων,
471 2459 565 2520 quam
601 2439 676 2504 laxe
712 2440 859 2504 additum
896 2438 978 2504 illud
1016 2438 1076 2500 καὶ.
1105 2432 1363 2522 ξηραινομένους
1395 2432 1481 2498 ἰδεῖν

302 2543 414 2633 αὐτήν,
452 2567 548 2627 quam
584 2546 755 2612 molestum
792 2553 844 2616 est
887 2545 967 2611 illud
999 2542 1137 2627 φάσκειν
1172 2546 1206 2611 in
1230 2544 1342 2611 verbis
1367 2538 1480 2607 ἐλαίου

305 2763 387 2845 qnod
412 2762 483 2828 sive
504 2762 546 2826 ad
573 2761 622 2826 rei
645 2761 715 2826 sive
739 2760 780 2824 ad
805 2760 988 2826 adversarii
1014 2767 1147 2825 matrem
1173 2760 1356 2845 referimus,
1383 2758 1481 2824 oden-

303 2871 426 2936 sionem
452 2870 599 2950 praebet.
647 2867 680 2932 Si
712 2867 796 2932 illud
824 2875 985 2952 putamus,
1018 2867 1121 2932 oratio
1155 2867 1280 2933 directa
1312 2867 1423 2948 inepte
1446 2867 1483 2930 in

306 2977 499 3043 indirectam
531 2980 660 3040 mutata
693 2980 752 3040 est.
800 2974 854 3040 Sic
879 2974 963 3040 enim
993 2974 1194 3055 respondent
1215 2974 1303 3040 inter
1327 2993 1363 3040 se
1388 2982 1482 3039 ante-

307 3085 424 3152 cedens
448 3083 583 3147 verbnm
609 3081 736 3146 finitum
761 3077 822 3166 ἔφη
847 3088 880 3146 et
911 3081 1096 3147 infinitivus
1126 3077 1266 3163 φάσκειν
1302 3099 1483 3161 suspensus

308 3195 349 3259 ab
382 3192 438 3256 illo
473 3185 565 3273 λέγω,
602 3188 688 3269 qnod
712 3189 852 3267 positum
889 3195 938 3253 est
971 3188 1005 3252 in
1040 3189 1200 3271 principio
1224 3189 1399 3254 enuntiati.
1448 3189 1484 3254 si

309 3319 387 3368 vero
404 3293 544 3380 φάσκειν
560 3295 817 3377 intellegendum
834 3313 906 3360 esse
922 3294 963 3361 de
979 3296 1161 3362 adversarii
1178 3306 1283 3363 matre
1301 3315 1484 3372 censemus,

310 3409 345 3474 in
369 3426 407 3473 eo
432 3404 655 3470 offendendum
680 3409 741 3483 est,
766 3403 852 3482 qnod
875 3403 914 3466 ad
939 3396 1076 3483 φάσκειν
1100 3405 1213 3470 addita
1236 3424 1301 3470 non
1325 3411 1386 3487 est,
1414 3423 1486 3486 per·

312 3534 412 3582 sonae
436 3509 644 3593 significatio,
669 3526 862 3590 quamquam
886 3509 1069 3576 subiectum
1087 3518 1240 3576 mutatur.
1265 3512 1339 3577 Tali
1357 3513 1486 3578 ratione

313 3626 452 3690 obscura
476 3619 514 3684 fit
537 3617 642 3683 oratio
666 3635 771 3696 neque
795 3616 923 3681 Blassio
948 3619 993 3700 tp.
1019 3622 1206 3700 224-225)
1223 3620 1357 3685 concedi
1376 3626 1487 3701 potest

312 3734 396 3798 hanc
431 3734 556 3808 partem
597 3722 765 3807 orationis,
802 3723 951 3804 quamvis
985 3724 1062 3789 laxa
1096 3726 1150 3812 sit,
1175 3733 1285 3793 tamen
1312 3733 1487 3792 venustate

313 3857 378 3904 non
402 3851 527 3901 carere.

430 3942 534 4020 lam*)
570 3937 727 4004 nonnulla
762 3935 899 4002 dicenda
934 3944 1012 4002 sunt
1046 3939 1086 4004 de
1121 3940 1259 4024 singulis
1292 3941 1487 4023 quibusdam

377 4145 403 4210 *t
422 4141 531 4197 Nullam
549 4134 711 4190 mentionem
738 4129 790 4184 feci
821 4129 853 4184 de
880 4127 968 4184 verbis
992 4133 1127 4187 nonnullis
1151 4135 1278 4204 molestis,
1305 4152 1375 4202 quae
1393 4151 1490 4203 quam-

424 4247 503 4302 quam
522 4229 551 4282 in
574 4224 683 4296 optimis
707 4220 783 4276 libris
808 4235 884 4274 macr.
910 4220 980 4275 h'et
999 4222 1022 4276 Α
1042 4223 1139 4277 omissa
1155 4231 1227 4294 sunt,
1247 4241 1338 4280 omnen
1357 4225 1492 4280 editiones

424 4320 565 4379 exhibent:
597 4313 693 4385 §let
713 4301 846 4384 ἠνέγκατο
860 4307 960 4364 --νῦκ
981 4309 1157 4367 Oitensionem
1194 4316 1310 4371 maxime
1346 4321 1494 4385 propterca

424 4411 562 4483 praebent,
591 4405 661 4474 qnod
691 4399 808 4471 protasia
834 4397 858 4454 cl
893 4385 1031 4470 ἠνέγκατε,
1060 4417 1127 4468 qnae
1155 4404 1256 4459 attinet
1282 4408 1316 4461 ad
1344 4411 1494 4473 utrumque
