3254 4998
732 422 954 482 ..34-

262 607 378 697 δνδρδς
416 607 477 698 ἤδη
509 613 564 674 καὶ
608 608 846 698 ἐπιδημοῦντος
885 607 1063 698 Ἀθήνησιν.
1126 611 1347 677 Artificiosius
1387 611 1439 676 hic

262 723 438 786 membrum
470 723 610 786 membro
639 721 830 802 respondet,
872 737 957 801 qliae
993 721 1078 784 ratio
1103 719 1141 783 ad
1167 719 1345 784 orationem
1372 727 1438 783 tam

151 821 154 829 ‘
263 829 394 892 humilis
429 828 561 908 generis
597 829 652 892 vix
688 828 836 908 quadrat.
878 865 920 872 —
960 825 1169 908 Quantopere
1208 827 1350 907 scriptor
1384 825 1439 890 ad-

263 936 423 1000 amaverit
448 935 526 1000 talia
562 934 784 1015 contraposita
815 934 984 1014 particulis
1012 938 1074 1013 μέν
1098 941 1131 999 et
1155 933 1192 998 δέ
1214 932 1313 1017 facta,
1338 936 1437 998 etiam

262 1062 302 1107 ex
337 1061 373 1106 eo
409 1041 556 1124 intellegi
595 1050 710 1123 potest,
747 1040 832 1121 qrrod
869 1041 908 1106 iis
942 1059 1172 1121 nonuunquam
1208 1042 1304 1121 plane
1329 1042 1438 1122 inepto

262 1149 355 1214 modo
381 1150 495 1232 utitur,
523 1156 558 1213 ut
582 1149 614 1212 in
639 1145 658 1233 ξ
686 1155 747 1212 ll:
772 1148 960 1230 παρέξομαι
982 1145 1046 1228 μὲν
1070 1149 1126 1211 καὶ
1153 1143 1323 1231 μα’ρτορας
1361 1141 1440 1227 ὑμῖν

260 1249 336 1327 roris
360 1252 497 1330 εἰδότας,
521 1251 607 1318 πολὺ
632 1255 669 1317 δέ
690 1293 732 1300 -
757 1258 822 1317 τῶν
846 1251 1021 1337 μαρτύριον
1045 1252 1234 1339 ἰσχυρότερα
1264 1252 1439 1339 τεκμήρια,

261 1383 324 1446 ouo
361 1365 428 1428 loco
463 1365 650 1446 παρέξομαι
685 1367 747 1442 μέν
782 1363 919 1444 primum
956 1365 1059 1428 locum
1095 1363 1229 1444 obtinet,
1256 1364 1302 1427 ita
1327 1371 1362 1426 nt
1386 1380 1440 1427 ex·

262 1480 443 1554 spectemus
474 1472 611 1536 ultorum
644 1473 831 1552 membrum,
870 1470 954 1550 otrod
980 1471 1162 1551 oppositum
1188 1472 1232 1535 sit
1255 1471 1304 1535 illi
1330 1473 1437 1537 verbo.

262 1580 325 1646 Sed
348 1581 536 1662 παρέξομαι
567 1588 618 1644 est
654 1596 822 1642 commune
846 1578 1070 1658 praedicatum
1096 1580 1267 1658 utriusque
1292 1578 1438 1660 membri,

262 1687 423 1768 oppositio
449 1696 556 1750 autom
583 1685 769 1750 continetur
792 1685 1010 1750 substantivis
1027 1681 1188 1769 propropter
1210 1691 1244 1751 et
1267 1681 1438 1769 τεκμήρια.

372 1793 523 1858 Eiusdem
559 1793 690 1875 generis
726 1803 776 1856 est
816 1793 1088 1873 contrapositum,
1125 1793 1210 1873 uuod
1247 1794 1370 1874 legitur
1403 1794 1437 1858 in

262 1900 281 1986 ξ
307 1908 360 1965 ‘202
385 1898 416 1964 εἰ
439 1900 622 1983 Καλλικλῆς
646 1898 708 1979 μὲν
732 1894 778 1969 εἷς
800 1893 838 1962 ιδ
862 1901 981 1981 χωρίον
1006 1895 1213 1971 εἰσπεσόντος
1235 1904 1294 1963 τοῦ
1324 1892 1439 1971 ὕδατος

262 2002 455 2088 ἁμαξιαίους
478 2008 595 2078 λίθους
617 2009 839 2090 προσκομίσας
862 1997 1091 2086 α’ποικοδομεῑ,
1119 2011 1179 2070 τοῦ
1207 2007 1241 2070 δὲ
1258 2003 1437 2091 πατρίς-

263 2109 303 2186 ὡς
326 2110 518 2185 ἀδικοῦντος
542 2111 615 2195 ἐμοὶ
637 2109 758 2198 βλοὶβης
782 2111 888 2199 εἴληχε
912 2115 1014 2199 δίκην.
1061 2117 1132 2180 Ηοο
1157 2116 1225 2181 loco
1248 2117 1360 2196 inepto
1381 2115 1438 2179 illo

263 2241 324 2288 usu
359 2223 592 2303 particularum
628 2226 691 2301 μέν
727 2229 760 2286 et
796 2221 833 2284 δέ
864 2222 917 2287 vel
948 2224 1164 2303 perspicuitas
1192 2224 1341 2305 graviter
1368 2241 1439 2303 per-

262 2332 425 2396 turbatur.
473 2331 553 2394 Nam
590 2329 711 2394 nomini
747 2328 878 2410 proprio
916 2329 1107 2414 Καλλικλῆς,
1144 2332 1228 2411 quod
1266 2332 1438 2413 utriusque

207 2503 208 2507 ,
265 2438 397 2504 membri
423 2437 603 2502 subiectum
629 2445 688 2518 est,
714 2435 826 2500 addita
850 2443 901 2501 ost
925 2438 1086 2518 particula
1109 2443 1185 2520 μέν,
1211 2439 1371 2520 particula
1403 2440 1441 2503 δέ

264 2555 370 2611 autom
397 2545 552 2609 adiuncta
576 2551 627 2608 ost
650 2543 690 2607 ad
714 2546 774 2606 τοῦ
798 2538 932 2625 πατρός,
957 2545 1005 2609 ita
1029 2553 1065 2609 nt
1091 2546 1193 2626 primo
1216 2548 1333 2611 obtutu
1359 2547 1439 2612 haee

264 2653 326 2717 duo
351 2651 559 2717 substantiva
583 2651 670 2715 inter
693 2668 729 2715 se
752 2650 902 2730 opposita
917 2669 989 2716 esse
1008 2652 1192 2734 rideantur,
1218 2653 1438 2733 quodfalsum

264 2778 334 2825 esse
371 2760 402 2823 iu
439 2757 502 2822 line
538 2758 666 2822 demum
701 2756 826 2838 periodi
860 2760 1082 2838 perspicimus.
1130 2761 1209 2825 'Pam
1244 2761 1437 2826 dissolutum

263 2886 366 2949 genus
391 2866 517 2932 dicendi
537 2849 581 2931 ¹ab
606 2876 677 2930 arte
693 2866 924 2931 Demosthenis
940 2867 1173 2932 alienissimum
1192 2876 1252 2954 est,
1269 2868 1439 2934 rarissima

262 2977 359 3041 etiam
387 2974 471 3054 apud
507 2974 649 3054 reliquos
684 2983 831 3039 oratores
864 2975 944 3039 talia
976 2975 1235 3061 exemplasunt,
1261 2977 1439 3056 inquibus

263 3082 447 3168 „particula
481 3084 544 3160 μέν
583 3081 781 3161 praemissae
818 3081 943 3146 notioni
966 3083 1127 3146 courmuni
1150 3083 1263 3147 addita
1287 3091 1349 3168 est,
1373 3102 1438 3147 nou

263 3189 421 3255 vocabulo
468 3189 566 3253 alicui
606 3188 726 3269 prioris
764 3189 901 3253 membri
940 3207 1019 3254 sono
1058 3207 1097 3254 ac
1135 3209 1214 3256 voce
1252 3189 1439 3256 afferendo“

161 3305 162 3308 ’
263 3299 466 3379 (Gehauerus
490 3316 521 3377 p.
550 3296 637 3380 122).
663 3296 700 3360 In
718 3315 852 3377 corpore
870 3304 1034 3362 oratorum
1051 3298 1224 3363 atticorum
1237 3299 1438 3380 Gebauerus.

261 3407 356 3470 homo
380 3405 413 3468 in
438 3403 593 3485 exemplis
618 3404 807 3484 colligendis
831 3405 1105 3488 accuratissimus,
1130 3407 1210 3470 duos
1234 3407 1327 3471 modo
1350 3407 1440 3472 locos

262 3513 404 3578 eiusdem
431 3511 561 3593 generis
584 3512 730 3591 repperit
753 3510 894 3593 (Andoo.
919 3509 944 3587 Ι,
965 3514 1168 3595 139.Hypor.
1186 3515 1335 3595 proLyc.
1349 3512 1437 3598 ΙΧ.),

263 3619 407 3700 totidem,
432 3625 512 3698 quot
535 3618 568 3682 in
593 3618 740 3682 oratione
764 3618 823 3682 LV
847 3626 988 3683 exstant.

369 3726 472 3791 Paulo
497 3725 602 3807 magis
634 3725 738 3790 oratio
767 3726 942 3806 respondet
967 3729 1105 3792 sermoni
1143 3729 1369 3794 Demosthenis
1403 3730 1439 3795 in

264 3853 325 3898 usu
348 3833 641 3914 interrogationum
666 3833 911 3912 rhetoricarum,
937 3850 1021 3913 quae
1045 3843 1222 3905 vocantur:
1256 3840 1273 3916 ξ
1293 3845 1309 3902 7
1335 3833 1442 3902 dadai

264 3935 447 4024 yu'p;§13
473 3942 580 4002 ahirot
603 3941 806 4021 τίς-;τίς
830 3941 867 4003 δέ
900 3939 919 4026 ξ
947 3947 984 4006 15
1009 3921 1204 4028 ἆρ’δμῖηξ
1232 3951 1270 4009 16
1294 3949 1354 4008 τοῦ
1378 3941 1439 4030 γὰρ

264 4043 376 4128 iream
401 4050 417 4127 ᾗ
445 4053 482 4112 17
509 4043 628 4110 ἔπειτα
653 4050 700 4118 τίς
722 4043 764 4111 ἄν
799 4048 842 4113 ih.
868 4040 990 4110 ον’κοῦν
1025 4049 1109 4134 §18
1133 4052 1168 4112 oi
1190 4054 1349 4132 πείσομαι
1392 4054 1438 4118 ib.

262 4156 296 4218 ri
318 4149 441 4219 λοιπόν
474 4152 559 4240 §20
584 4158 652 4226 πῶς
674 4145 717 4218 oio
741 4141 800 4218 oio
836 4154 920 4241 §22
948 4150 1068 4219 οὐκοῦν
1104 4156 1188 4243 §26
1213 4162 1247 4222 τί
1267 4160 1318 4223 δεῖ
1352 4164 1437 4241 §28

263 4253 334 4325 εἶτα
381 4256 518 4325 τούτων.
588 4263 636 4329 cf.
685 4263 789 4329 Rehd.
837 4264 901 4328 iud.
941 4262 957 4327 I
997 4283 1020 4329 s.
1061 4285 1090 4330 v.
1138 4267 1256 4350 Frage,
1302 4287 1341 4333 ex
1374 4285 1438 4349 qno

263 4375 399 4451 apparot
447 4371 696 4437 Demosthenem
743 4369 936 4451 frequenter
988 4373 1265 4454 interrogationes
1316 4376 1439 4442 similes

262 4476 461 4542 adhibuisse.
519 4513 559 4522 —
621 4479 671 4543 De
728 4478 1061 4560 interrogationibus,
1140 4481 1259 4562 quibus
1322 4484 1438 4551 breves
