3254 4998
682 455 744 488 „¹
771 422 813 484 45
862 456 900 466 ...

208 614 450 680 sententiarum
476 616 664 688 structuris.
688 653 732 662 —-
756 614 900 680 Maxima
925 620 977 680 est
1000 615 1135 682 licentia
1157 617 1328 698 scriptoris
1357 615 1391 681 in

211 742 271 788 usu
289 721 561 804 participiorum..
590 722 729 804 Saepius
749 723 993 804 coniunguntur
1009 722 1184 804 participia
1203 727 1392 788 constructa

211 848 283 894 cum
308 829 483 895 absolutis:
509 827 529 913 ἓ
555 837 574 896 2
597 825 799 909 ἐξελεγχθεὶς
823 827 858 892 δὲ
881 832 1029 912 φανερῶς
1051 829 1107 892 καὶ
1130 833 1391 913 περιγενομένου

207 959 274 1016 μου
308 939 364 1020 τῆς
398 931 526 999 τούτων
549 940 733 1022 σκευωρίας,
780 940 851 1018 §ll
884 929 903 998 ὅ
926 931 1037 1020 πατὴρ
1072 930 1158 1020 ὁρῶν
1181 975 1224 982 *-
1248 937 1392 1000 καὶτῶν·

210 1039 365 1124 γειτόνων
388 1039 626 1124 ἐπινεμόντων,
673 1043 691 1129 ξ
717 1051 758 1109 ‘26
796 1035 989 1107 οὕτίἰδικῶν
1018 1035 1116 1108 οὐδὲν
1146 1040 1223 1107 οὔτε
1247 1043 1392 1128 βεβλαμ-

209 1155 327 1233 μένων,
354 1143 498 1234 ἅηασιν
522 1150 790 1232 (dissolutissima
830 1152 1042 1234 constructio,
1075 1171 1149 1217 nam
1181 1151 1389 1218 desideretur

210 1259 309 1324 etiam
335 1257 377 1322 ad
401 1257 1022 1340 genetivum·ausolutumsigoifioscio
1046 1277 1205 1340 personae
1233 1253 1387 1342 τούτου).

208 1365 428 1432 Inveniuntur
451 1365 582 1446 quidem
606 1367 689 1432 tales
708 1371 895 1432 structurae
907 1366 1005 1432 etiam
1023 1366 1109 1447 apud
1127 1367 1377 1433 Demosthenem

209 1480 247 1538 ut
269 1473 399 1544 XVIII.
424 1479 487 1538 194
510 1477 649 1553 χειμῶνι
672 1470 889 1564 χρησάμενον
904 1475 959 1536 καὶ
982 1470 1199 1559 πονηοείντων
1222 1466 1388 1559 αὖτηῖτῶν

208 1584 342 1656 σκευῶν,
366 1581 462 1661 ΧΙΧ,
491 1587 527 1644 ll
564 1576 912 1667 πάντ’ἐξηπατημένοι
947 1582 1001 1643 καὶ
1035 1577 1161 1645 τούτων
1188 1617 1223 1628 -
1251 1601 1386 1664 πεπρα-

210 1684 362 1768 χότων*).
398 1688 462 1754 Sed
488 1690 637 1771 exempla
671 1708 749 1755 rara
784 1698 884 1771 atque
920 1689 1068 1770 dispersa
1100 1695 1235 1756 suntet
1259 1695 1392 1771 praeter
1489 1720 1492 1728 ·

212 1815 261 1877 ea,
298 1815 382 1877 quae
418 1797 526 1877 attuli,
562 1815 626 1862 uon
662 1797 709 1862 ita
744 1797 848 1862 multa
882 1797 1157 1870 inveniuntur**l.
1213 1797 1390 1864 Callicleae

211 1910 320 1969 autem
361 1903 515 1985 scriptori
561 1904 640 1969 talis
684 1905 848 1986 copulatio
896 1904 979 1969 nihil
1015 1906 1153 1986 praebet
1191 1887 1386 1970 offensionis.

211 2009 358 2094 Accedit,
383 2009 470 2092 quod
495 2010 563 2077 alia
586 2029 716 2092 quoque
739 2010 774 2076 in
797 2027 859 2077 usn
883 2011 1129 2093 participiorum
1154 2012 1334 2077 abhorrent
1350 2013 1391 2077 ab

211 2121 395 2186 elocutione
418 2121 649 2187 Demosthenis
694 2121 802 2204 Mitto,
826 2123 860 2186 in
883 2119 1129 2207 §aparticipio
1152 2115 1212 2199 οὐχ
1235 2113 1276 2191 ὥς
1292 2111 1391 2191 αὐτὸς

206 2223 431 2314 δυνησόμενος
465 2227 662 2310 respondere
686 2229 892 2294 enuntiatum
917 2218 989 2292 ἀλλ’
1013 2225 1067 2290 ἵνα
1091 2237 1162 2310 otc,
1188 2228 1227 2293 dc
1260 2246 1325 2309 qua
1355 2246 1392 2292 re

211 2335 277 2400 iam
327 2349 429 2415 snpra
475 2336 519 2418 (p.
556 2340 610 2414 29)
647 2335 724 2401 dixi.
785 2337 889 2401 llulto
925 2335 1091 2401 molestior
1120 2345 1172 2401 est
1204 2335 1269 2400 elia
1293 2336 1390 2418 ratio,

212 2461 277 2524 qua
312 2449 423 2508 orator
458 2443 562 2509 utitur
596 2443 630 2508 in
666 2443 831 2525 genetiuis
865 2443 1024 2508 absolutis
1059 2443 1225 2524 ponendis.
1271 2442 1392 2508 Tribus

213 2550 299 2616 euim
323 2551 403 2615 locis
428 2551 549 2616 omittit
573 2551 757 2617 subiectum
774 2552 921 2633 genetivi
938 2551 1090 2616 absoluti.
1116 2551 1252 2617 Praetor
1274 2552 1389 2633 locum,

212 2676 307 2739 quem
331 2657 395 2722 iam
421 2656 916 2743 αιευ11(ξ26βεβαλμμένων)
947 2659 1022 2724 talis
1051 2666 1220 2724 structura
1248 2659 1392 2724 occurrit

212 2765 247 2831 in
271 2764 289 2850 ξ
314 2772 355 2830 23
380 2767 436 2828 καὶ
458 2759 541 2850 πρὸς
563 2757 990 2851 α’λλήλωνᾰφιιινουμένων,
1015 2784 1079 2848 quo
1095 2767 1166 2832 loco
1181 2786 1222 2832 ex
1235 2771 1391 2832 contextu

214 2867 321 2936 αὐτῶν
353 2873 570 2954 supplendum
600 2883 659 2956 est,
693 2880 726 2938 et
754 2873 788 2937 iu
819 2871 837 2958 ξ
872 2879 914 2939 30
944 2872 1041 2957 δῆλον
1069 2868 1131 2956 γὰρ
1162 2864 1215 2937 ὅτι
1237 2868 1392 2954 μεγάλαις

212 2980 323 3051 λίθοις
358 2973 691 3066 ἀποικοδομηθέντος
725 2976 829 3044 πάλιν
863 2976 901 3044 τὸ
936 2973 1021 3064 ὕδωρ
1055 2978 1101 3052 εἰς
1135 2975 1172 3044 τὸ
1209 2976 1292 3061 ἐμὸν
1323 2971 1391 3065 ἥξει

213 3089 343 3170 χωρίον,
378 3087 434 3168 qui
466 3089 556 3153 locus
581 3087 806 3154 difficultatem
831 3088 993 3169 quendam
1018 3081 1161 3169 praebet.
1209 3089 1391 3171 Sandysius

215 3195 281 3278 (ad.
305 3195 334 3259 h.
359 3195 391 3277 l)
423 3189 751 3278 ἀποικοδομηθέντος
779 3196 967 3278 genetivum
992 3196 1141 3262 neutrius
1164 3196 1295 3276 generis
1319 3215 1391 3261 esse

216 3339 256 3346 ...-.-

322 3407 469 3462 membrum
494 3407 637 3461 coutrarii:
667 3399 698 3462 orl
726 3402 781 3483 γὰρ
801 3403 836 3462 ἄν
856 3437 888 3446 -
907 3401 1144 3484 κατεδιῃτήσασθε
1165 3438 1207 3474 -·,
1228 3394 1390 3462 ott-dnt-

323 3519 424 3565 ωαιυει
443 3492 485 3565 ἄν,
514 3496 542 3550 in
570 3497 656 3551 altero
685 3498 791 3552 demum
820 3497 937 3552 membro
965 3497 1054 3566 posita
1073 3505 1122 3552 est.
1160 3497 1250 3552 Facile
1269 3497 1392 3566 intellegi

321 3593 420 3655 potest,
440 3587 510 3641 unde
529 3593 590 3641 orta
609 3587 646 3640 sit
665 3587 846 3656 interpolatio.
867 3586 956 3642 Verba
970 3589 1038 3641 enim
1059 3574 1213 3656 ἀπέφαινεν
1233 3582 1267 3642 ἂν
1286 3584 1391 3648 ἐκεῖνος

322 3676 391 3730 falso
410 3675 596 3731 referebantur
622 3678 656 3731 ad
685 3684 791 3745 tempus
810 3676 890 3731 huius
909 3692 1014 3745 causae,
1034 3692 1085 3743 quo
1105 3676 1211 3743 quidem
1231 3675 1319 3729 Tisias
1338 3676 1391 3729 iam

322 3772 445 3820 mortuus
473 3771 533 3822 erat
561 3782 647 3834 neque
676 3767 820 3834 quidquam
849 3766 1033 3821 demonstrare
1061 3766 1158 3834 potuit.
1196 3766 1282 3820 Immo
1301 3766 1391 3834 potius

323 3854 465 3911 referenda
483 3861 547 3909 sunt
566 3856 600 3909 ad
619 3862 734 3926 tempus,
753 3872 805 3923 quo
826 3871 917 3911 murus
936 3872 952 3909 a
970 3855 1047 3910 Tisia
1064 3854 1266 3910 aedificabatur.
1287 3855 1314 3908 st
1333 3861 1390 3909 tum

324 3950 494 4000 accusatores
521 3945 738 4002 intercessissent
759 3975 792 3984 —-
812 3946 855 4000 hic
882 3951 924 4000 est
951 3960 1046 4000 sensus
1064 3945 1114 4000 loci
1134 3975 1167 3984 -
1187 3952 1266 4013 pater
1284 3945 1391 3999 ‹lemon-

324 4039 447 4101 strasset,
468 4050 519 4101 quo
539 4036 617 4089 modo
635 4050 678 4090 res
697 4051 726 4090 se
744 4035 892 4090 habuisset.

279 4124 305 4192 ⁴)
325 4123 365 4179 ef.
384 4123 469 4178 Rehd.
497 4123 552 4178 ind.
580 4125 617 4192 II,
647 4140 667 4179 s.
696 4141 721 4178 v.
748 4125 815 4178 Part
827 4124 924 4192 cipium
952 4140 977 4193 p.
1005 4125 1064 4179 120.
1103 4125 1162 4179 Duo
1177 4125 1240 4193 loci,
1261 4139 1327 4191 quos
1346 4123 1391 4177 ille

324 4219 464 4282 praeterea
482 4212 570 4281 affert,
590 4213 659 4268 alius
678 4214 784 4283 generis
803 4220 875 4268 sunt.
922 4239 924 4244 ·

260 4301 304 4373 *ἢ
323 4304 364 4358 Ex
391 4302 533 4372 permultis
560 4299 633 4369 locis,
663 4318 729 4370 quos
757 4303 899 4370 Spielrerus
918 4303 935 4358 l.
954 4302 972 4357 l.
992 4320 1018 4373 p.
1039 4304 1091 4359 325
1121 4302 1210 4372 affert,
1249 4319 1320 4357 unus
1339 4297 1391 4357 huc

324 4392 442 4462 pertinet
460 4393 534 4462 XXI,
553 4395 597 4446 49.
