3254 4998
591 367 813 428 ..37-

117 561 234 630 verbis
256 540 280 624 ὦ
304 557 421 644 ἄνδρες
437 561 593 634 δικασταί,
619 559 793 626 duodecies
809 560 921 626 vorbis
944 543 969 622 ὦ
992 550 1296 645 ἄνδρεςἌθηναῑοι.

116 672 211 736 Haec
236 667 382 736 varietas
406 668 638 738 allocutionum
655 667 779 732 nullam
797 667 925 748 quidem
944 667 1160 756 suspicionem
1181 674 1297 734 movet.

116 780 199 844 Nem
226 776 476 852 Demosthenes,
510 793 706 856 quamquam
738 775 771 840 in
792 774 1009 842 orationibus
1033 782 1145 841 contra
1170 781 1297 843 tutores

118 886 242 953 habitis
265 883 391 950 iudices
415 901 544 964 semper
567 866 591 946 ὦ
614 878 730 966 ἄνδρες
754 883 906 946 δικασταί
928 883 1085 965 appellet,
1109 883 1143 950 in
1178 884 1298 950 ceteris

119 993 322 1060 orationibus
352 991 492 1073 privatis
520 995 660 1070 utraque
690 989 886 1056 allocutione
921 991 1033 1058 utitur.
1081 991 1189 1057 Minus
1225 1010 1297 1058 curn

118 1099 349 1168 Demosthenis
388 1116 449 1164 usu
489 1097 641 1180 congruit
673 1097 791 1162 nimius
841 1115 995 1164 numerus
1053 1099 1295 1182 aliocutionum,

121 1228 185 1291 quo
210 1207 300 1275 nulla
335 1207 400 1272 elia
436 1205 539 1270 oratio
570 1205 700 1286 privata
733 1205 912 1271 orationem
941 1207 1100 1272 adversus
1130 1206 1296 1273 Calliclem

119 1323 249 1400 aequat.
295 1313 459 1380 Maximus
499 1313 584 1378 enim
621 1319 672 1378 est
706 1331 859 1380 numerus
888 1313 920 1379 in
953 1314 1100 1380 oratione
1135 1313 1296 1391 XXXVI,

116 1427 152 1490 in
176 1441 241 1504 qua
264 1422 472 1503 reperiuntur
495 1420 593 1486 XXV
617 1420 830 1486 allocutiones
854 1420 888 1485 in
913 1421 1010 1487 ¹LXII
1030 1418 1079 1506 ἐξ.

229 1529 286 1596 Bis
324 1535 416 1594 actor
456 1546 575 1593 causae
614 1529 838 1595 adversarium
882 1528 1012 1594 nomine
1052 1529 1233 1611 alloquitur
1271 1510 1297 1592 ὦ

124 1636 326 1722 Καλλίκλεις,
356 1635 391 1700 in
414 1639 431 1716 ξ
456 1641 474 1700 5
501 1631 534 1701 et
558 1639 575 1715 ξ
600 1642 651 1701 29.
685 1633 723 1700 In
754 1635 890 1716 reliquis
922 1637 1124 1703 orationibus
1157 1638 1299 1719 privatis

122 1745 356 1813 Demosthenes
389 1742 447 1838 tali
477 1742 673 1808 allocutione
703 1744 803 1809 semel
828 1743 933 1809 utitur
956 1743 1042 1826 LIV,
1067 1750 1109 1810 40
1135 1725 1298 1822 ὦΚόνων,

120 1852 325 1935 frequentius
361 1851 394 1916 in
426 1849 628 1916 orationibus
664 1851 816 1931 puhlicis.
869 1851 908 1916 In
945 1852 1133 1919 universum
1165 1855 1299 1919 Demos·

119 1963 235 2028 thanes
260 1977 359 2040 saepe
394 1977 452 2039 per
485 1958 667 2038 complures
704 1947 933 2041 paragraphus
959 1960 1137 2026 orationem
1156 1951 1233 2026 'non
1258 1962 1298 2028 ad

118 2068 253 2153 iudices,
267 2068 326 2133 sed
343 2067 385 2132 ad
401 2065 607 2132 adversarios
624 2066 735 2141 vertit,
754 2067 840 2146 quod
856 2085 958 2148 genus
971 2066 1099 2133 dicendi
1113 2069 1300 2150 appellatur

120 2175 261 2254 aversio,
299 2173 523 2249 mxxxvi,
557 2179 607 2255 19,
640 2179 693 2255 ao,
727 2178 779 2249 aa,
814 2179 956 2256 30—32,
989 2178 1041 2251 39,
1077 2181 1221 2258 43—4e‘,
1246 2181 1300 2246 49.

121 2283 208 2366 LIV,
233 2288 277 2348 40
302 2287 362 2348 etc.
409 2278 496 2346 Idem
525 2280 560 2345 in
591 2280 739 2346 oratione
770 2282 829 2346 LV
862 2282 900 2346 fit
924 2277 942 2366 ξ
967 2287 1052 2346 5--7
1079 2288 1111 2348 et
1135 2279 1154 2367 ξ
1180 2289 1230 2348 29.
1256 2321 1298 2330 -

111 2390 172 2458 'Ad
197 2391 332 2456 eandem
368 2388 505 2470 figuram
542 2388 685 2468 pertinet
716 2388 821 2453 oratio
855 2389 989 2471 directa,
1015 2407 1100 2468 uuae
1124 2389 1300 2456 adhibetur

120 2501 155 2564 in
179 2495 254 2583 §5:
283 2498 408 2572 Τεισία,
437 2498 471 2558 τί
500 2499 602 2558 ταῦτα
634 2502 743 2566 ποιεῖς
776 2502 846 2580 etc,
879 2514 942 2577 qua
973 2496 1163 2564 referuntur
1186 2500 1298 2582 verba,

123 2625 209 2686 quae
234 2603 354 2685 aliquis
378 2603 463 2669 alius
488 2606 576 2669 locut
562 2610 616 2669 tus
640 2611 699 2670 est.
709 2601 740 2686 *J

229 2710 335 2776 Iamt
321 2719 526 2776 transeamus
550 2711 590 2776 ad
616 2711 807 2778 tractandas
831 2714 1003 2778 verborum
1027 2711 1160 2794 figures
1190 2714 1300 2780 Disso-

121 2820 203 2886 lutio
226 2812 431 2902 (ἀσύνδετον)
454 2819 555 2884 semel
581 2819 734 2901 legitur
725 2838 759 2884 ru
789 2817 807 2903 ξ
832 2824 870 2884 31
906 2814 1066 2906 Καλλάρῳ
1099 2816 1160 2906 τὴν
1196 2815 1300 2906 αὐτὴν

124 2928 218 3014 δίκην
241 2923 437 3002 δικάζονται,
463 2945 526 3007 quo
551 2929 622 2992 looo
647 2933 726 3012 apta
751 2933 811 2993 est

229 3053 433 3136 Polysyndet
419 3054 547 3118 tahaec
558 3053 672 3118 affero:
687 3050 707 3137 §
722 3059 739 3118 9
755 3049 830 3116 οὔτε
843 3049 972 3116 οὕτε-
989 3049 1121 3117 οὔτε-
1134 3045 1210 3118 αλλ’
1223 3047 1301 3118 oride'

126 3197 167 3204 —
185 3151 267 3237 οὐδέ,
292 3159 513 3246 §l5nci—
530 3164 587 3223 xci
602 3199 645 3207 —
662 3163 720 3223 καί
750 3195 793 3206 —-
821 3163 880 3224 καί
901 3157 1015 3238 πόλιν,
1039 3159 1059 3246 §
1082 3169 1123 3228 26
1148 3158 1232 3248 μὴιε
1256 3201 1298 3208 -

123 3262 207 3353 μήτε
230 3307 273 3314 -
296 3289 333 3331 τε
357 3306 399 3313 -
423 3289 469 3344 τε,
494 3269 512 3352 §
537 3275 578 3334 33
602 3264 686 3353 μήτε
710 3307 752 3313 -
775 3264 917 3352 μήτε-
934 3263 1075 3349 μήτε-
1092 3265 1186 3354 μήτε,
1211 3268 1230 3355 ξ
1256 3276 1298 3335 34

123 3378 181 3438 καί
200 3414 242 3421 ——
266 3378 323 3438 καί
345 3415 387 3421 -
412 3378 475 3438 καί.
523 3377 563 3442 In
587 3377 638 3442 his
663 3376 781 3442 offendi
806 3395 869 3442 non
893 3382 1003 3458 potest
1026 3376 1079 3456 (oi.
1103 3378 1206 3444 Rchd.
1231 3378 1297 3444 ind.

122 3485 140 3547 I
165 3502 189 3548 s.
214 3502 245 3550 v.
270 3484 541 3566 Polysyndeton).

231 3608 350 3675 Tribus
381 3610 461 3676 locis
492 3609 661 3677 invenitur
691 3610 807 3695 figura,
839 3628 924 3691 qnae
947 3616 1088 3677 vocatur
1111 3612 1295 3692 anaphora:

120 3719 139 3795 ἓ
168 3719 206 3779 13
231 3717 345 3786 τίς-
369 3719 417 3788 τίς
441 3717 486 3794 δε,
513 3716 532 3803 ξ
556 3723 598 3782 20
623 3713 751 3803 ἔβλαψε
775 3721 838 3796 μέν
861 3755 903 3762 -
929 3713 1059 3804 ἔβλαψε
1083 3715 1187 3802 δὲ**),
1212 3716 1232 3803 ξ
1255 3724 1296 3783 35

120 3819 249 3903 ἕτοιμοι
272 3828 334 3903 μέν
366 3863 408 3869 -
433 3821 560 3904 ἕτοιμοι
585 3824 628 3888 δέ.
676 3826 768 3891 Haec
792 3825 900 3906 figura
922 3845 942 3890 a
965 3826 1185 3891 Demosthene
1218 3844 1296 3890 non·
1408 3869 1410 3875 -

121 3949 288 4010 nunquam
311 3933 364 3999 vel
388 3932 423 3996 in
448 3932 587 4013 privatis
604 3932 809 3998 orationibus
826 3938 1014 4018 usurpatur,
1040 3938 1076 3997 ut
1091 3933 1227 3999 XXVII
1243 3939 1296 3998 30.

183 4161 209 4230 *)
229 4161 333 4216 Similia
352 4177 432 4230 saepe
450 4162 581 4231 praebent
600 4162 736 4217 orationes
755 4163 869 4230 spuriae.
908 4163 947 4218 Di.
964 4163 1097 4232 Lortzing
1115 4163 1132 4220 i.
1152 4163 1207 4218 diss
1233 4163 1251 4218 l.
1271 4180 1296 4232 p.

228 4251 272 4304 41.
293 4251 370 4321 Uhle,
390 4251 567 4318 Quaestiones
585 4253 608 4320 1,
627 4269 653 4321 p.
673 4254 715 4307 72.
925 4260 927 4264 '

165 4340 207 4409 **)
228 4340 267 4394 Dc
285 4341 335 4394 hoc
353 4341 411 4396 loco
430 4341 464 4398 cf.
483 4342 585 4398 Gebau.
603 4359 628 4410 p.
649 4343 709 4398 125.
