3254 4998
739 401 960 463 „12-

372 595 515 659 Praeter
561 595 758 660 dissolutam
799 596 893 659 illam
930 596 1203 675 praemissionem
1249 595 1443 677 gravissimi

270 702 468 786 argumenti,
505 719 569 781 qua
604 702 737 781 quidem
761 703 969 767 concinnitas
994 703 1146 784 graviter
1170 704 1336 786 turbatur,
1361 703 1445 766 haec

270 808 447 889 dispositio
473 809 507 872 in
533 809 723 873 uniuersum
750 815 829 888 apta
846 813 880 874 et
897 809 939 874 ad
954 811 1092 890 regulas
1104 813 1257 875 veterum
1274 811 1444 874 rhetorum

271 916 572 995 Demosthenisque
620 933 712 979 usum
761 917 1006 980 accommodata
1054 923 1115 981 est.
1164 917 1321 981 Dilucide
1358 917 1443 980 enim

271 1025 424 1088 secretae
441 1029 518 1088 sunt
534 1029 605 1087 tres
622 1023 704 1087 illae
721 1024 934 1088 tractationis
951 1029 1079 1104 partes:
1098 1024 1258 1104 narratio,
1272 1024 1445 1106 refutatio,

272 1129 488 1194 confirmatio.
536 1131 651 1210 Neque
687 1132 772 1194 enim
811 1129 989 1196 Schaefero
1030 1132 1069 1211 (l.
1107 1133 1128 1196 l.
1166 1151 1195 1210 p.
1233 1134 1322 1213 256),
1349 1148 1445 1208 quem
1520 1206 1523 1212 ,
1615 1197 1619 1210 ,

271 1238 425 1302 Blassius
452 1237 488 1319 (l.
515 1239 537 1303 1.
564 1256 593 1317 p.
620 1237 698 1316 223)
723 1244 860 1302 secutus
897 1244 959 1321 881,
996 1239 1222 1303 narrationem
1259 1255 1318 1317 per
1342 1243 1447 1301 totam

272 1345 455 1409 orationem
481 1343 632 1409 diffusam
650 1363 725 1410 esse
742 1345 895 1410 concedo.
932 1333 1014 1409 Nam
1031 1345 1191 1429 narratio,
1210 1363 1294 1424 quae
1312 1349 1448 1424 propter

270 1471 375 1534 genus
420 1469 542 1516 8811888
581 1453 722 1516 maxime
767 1453 956 1516 continetur
1001 1452 1227 1532 descriptione
1267 1450 1371 1534 fundi,
1412 1453 1447 1516 in

271 1557 310 1644 ἐξ
334 1565 441 1623 8-11
467 1560 566 1642 inest,
603 1560 711 1623 omnia
744 1565 853 1624 autem
880 1559 1446 1642 811811118888188181818118118

271 1667 430 1733 videntur
454 1685 540 1750 esse,
566 1667 608 1731 ad
632 1673 901 1748 argumentorum
928 1667 1185 1746 explicationem
1210 1667 1381 1746 pertinent
1398 1668 1450 1748 (ut

273 1773 472 1859 §ae—24).

381 1881 416 1946 Si
453 1900 495 1946 ex
529 1881 591 1944 hac
627 1881 834 1960 expositione
871 1881 1065 1961 scriptorem
1097 1882 1257 1946 orationis
1287 1881 1449 1946 adversus

275 1989 449 2054 Calliclem
484 1989 645 2052 imbutum
681 1988 786 2053 fuisse
819 1988 1094 2053 ratiocinaremur
1134 1989 1255 2054 eximia
1290 1989 1352 2053 illa
1377 1993 1451 2054 arte

277 2095 483 2180 disponendi⁷
508 2113 603 2175 quam
629 2096 862 2161 Demosthenis
882 2097 1045 2176 propriam
1064 2113 1139 2160 esse
1151 2095 1314 2161 neminem
1331 2095 1450 2176 fugere

277 2204 385 2288 credo,
411 2203 467 2283 qui
493 2203 660 2267 orationes
685 2203 757 2267 eius
781 2203 939 2285 perlegit,
963 2203 1063 2268 valde
1087 2220 1286 2267 erraremus.
1334 2202 1451 2266 Adhuc

278 2312 364 2376 enim
400 2311 558 2376 universa
597 2316 725 2374 tantum
766 2310 983 2390 contemplati
1023 2327 1150 2394 sumus,
1191 2310 1256 2373 iam
1296 2327 1377 2374 uero
1417 2310 1452 2373 in

279 2419 482 2502 singulorum
508 2423 775 2500 argumentorum
800 2424 835 2482 et
859 2418 1099 2482 sententiarum
1125 2417 1374 2496 dispositionem
1400 2417 1448 2481 in-

278 2526 473 2608 quirendum
509 2531 573 2609 est,
601 2543 666 2605 qua
690 2531 867 2605 perspecta
903 2525 1047 2590 fortasse
1085 2524 1185 2589 aliter
1221 2524 1452 2590 iudicabimus.

279 2635 349 2698 lam
375 2633 527 2698 Blassius
552 2631 596 2714 (p.
623 2638 688 2696 224
712 2631 776 2714 sq.)
800 2650 871 2696 oum
890 2633 1070 2697 orationem
1093 2632 1240 2696 dilucide
1257 2631 1452 2710 dispositam

279 2761 354 2807 esse
390 2747 501 2825 negat,
539 2742 725 2821 eorrrplures
761 2741 851 2804 locos
887 2739 995 2823 affert,
1043 2740 1163 2819 ortibus
1192 2744 1389 2821 argumenta
1419 2747 1454 2802 et

280 2848 469 2914 sententiae
492 2848 548 2913 vel
573 2866 637 2912 non
661 2867 719 2913 suo
744 2850 815 2913 loco
843 2850 950 2928 posita
966 2849 1023 2914 vel
1040 2850 1179 2914 molesto
1196 2849 1289 2912 urodo
1306 2849 1455 2928 repetita

281 2975 355 3024 esse
380 2956 409 3020 ei
435 2956 601 3020 videntur.
650 2954 727 3020 Cum
752 2974 816 3020 non
841 2956 875 3020 in
900 2956 1050 3020 omnibus
1074 2956 1128 3019 illi
1145 2956 1304 3020 assentiri
1321 2957 1454 3040 possim,

282 3065 543 3142 contemplemur
567 3063 716 3144 singulos
741 3064 841 3147 locos,
867 3064 923 3142 qui
947 3061 1159 3128 offensionem
1185 3064 1356 3144 praebent.

385 3173 496 3236 Verba
520 3167 538 3254 ξ
564 3177 582 3234 3
608 3163 643 3232 ἒν
667 3163 701 3232 δὲ
725 3164 853 3240 τούτοις
879 3176 946 3240 τοῖς
975 3165 1081 3232 ἔτεσιν
1104 3161 1210 3232 ἅπασι
1235 3188 1367 3235 sensum
1392 3187 1456 3234 non

283 3281 443 3362 praehere
479 3280 632 3344 Blassius
668 3283 794 3361 censet,
829 3279 897 3342 uisi
933 3277 1131 3342 antecedant
1156 3279 1260 3344 verba
1284 3278 1457 3356 sequentis

283 3389 482 3472 paragraphi
506 3382 613 3450 πλέον
636 3380 700 3464 μὲν
718 3373 735 3469 ἢ
751 3381 898 3447 πέντε-
908 3383 1152 3448 Καλλιππίδου.
1177 3385 1296 3466 Itaque
1310 3384 1458 3450 ordinem

282 3499 458 3564 verborum
495 3496 724 3575 perturbatum
762 3512 836 3558 esse
874 3498 979 3572 putat.
1027 3494 1142 3572 Neque
1178 3511 1258 3558 vero
1293 3493 1354 3556 hoc
1384 3510 1457 3557 sus·

285 3605 389 3688 picari
415 3622 496 3684 opus
521 3607 583 3686 881,
609 3620 680 3666 cum
705 3601 884 3684 1811111118,
903 3607 939 3664 ut
955 3600 1082 3664 tradita
1099 3605 1186 3684 sunt,
1199 3601 1284 3665 beue
1301 3600 1458 3681 intellegi

285 3713 423 3794 possint.
472 3711 593 3776 Orator
628 3709 714 3775 euim
751 3708 888 3787 exponit
932 3726 970 3772 eo
1005 3714 1164 3791 tempore,
1202 3725 1264 3788 quo
1292 3706 1460 3771 fundusa

286 3827 381 3902 patre
421 3837 512 3884 muro
552 3817 776 3882 circumdatus
815 3821 915 3899 esset,
956 3834 992 3879 se
1031 3815 1164 3881 vixdum
1204 3820 1316 3878 uatum
1353 3814 1460 3879 fuisse

265 3920 592 4010 'trreprpxoddppoeu
625 3917 642 3985 ὁ
674 3915 785 4006 πατὴρ
817 3924 941 4004 μικροῦ
976 3923 1045 3985 δεῖν
1080 3922 1162 4004 πρὶν
1196 3913 1256 4001 ἐμὲ
1281 3916 1459 4001 γενέσθαι).

286 4033 416 4100 Deinde
430 4034 458 4098 si
472 4033 597 4114 pergit:
624 4025 660 4093 ἐν
674 4025 708 4093 δὲ
732 4025 861 4100 τούτοις
884 4036 951 4100 τοῖς
974 4024 1089 4104 ἔτεσιν,
1114 4031 1196 4094 haee
1213 4031 1318 4094 verba
1335 4028 1460 4106 optime

287 4141 408 4206 referri
444 4146 582 4220 possunt
615 4139 657 4202 ad
691 4155 804 4221 annos,
830 4139 886 4217 qui
911 4137 1123 4203 intercedunt
1148 4138 1237 4201 inter
1262 4136 1345 4200 muri
1371 4134 1462 4199 aedi-

288 4249 475 4314 ficationem
500 4252 535 4312 et
559 4252 699 4329 tempus,
731 4262 793 4325 quo
818 4252 911 4310 actor
935 4263 1056 4310 causae
1080 4249 1257 4310 accusatus
1283 4243 1380 4324 est.*)

357 4389 382 4460 *l
402 4390 499 4458 Itaque
517 4388 639 4444 Blassius
656 4387 684 4440 in
703 4385 820 4440 editione
838 4402 887 4440 sua
907 4387 964 4440 sine
982 4401 1064 4438 cauea
1083 4385 1164 4440 verba
1182 4385 1358 4453 transposuit.
