3254 4998
631 397 851 458 ...49-

269 590 361 674 Quae
384 605 456 656 cum
481 589 529 654 ita
553 587 630 664 sint,
656 588 816 654 neminem
840 605 912 654 esse
936 593 1029 672 puto,
1054 587 1134 669 quin
1170 588 1337 674 concedat,

159 697 426 780 compositionem
467 695 626 765 orationis
664 713 737 761 esse
771 695 971 762 lenissimam
1012 702 1046 761 ct
1085 695 1275 778 saepissime
1315 715 1335 760 a

158 803 393 870 Demosthenis
416 821 564 870 sermono
580 802 740 868 recedere.
779 801 976 872 Schaefcrus
994 802 1122 884 quidem
1140 809 1172 869 ot
1193 803 1341 872 Blassius

159 911 340 976 orationem
388 910 601 992 neglegenter
642 909 852 990 compositam
893 927 964 976 esse
1008 909 1244 990 perspicientes
1281 912 1342 976 hoc

160 1017 284 1086 rationi
300 1016 472 1098 scriptoris
488 1016 686 1100 tribuerunt,
705 1034 768 1096 qua
785 1016 841 1081 ille
857 1016 992 1098 Lysiam
1015 1016 1148 1082 imitans
1165 1017 1341 1084 dictionem

160 1124 321 1190 orationis
353 1123 495 1188 sermoni
531 1122 661 1204 vulgari
702 1123 986 1189 accommodasset.
1043 1123 1177 1190 Minime
1210 1125 1340 1205 quidem

162 1251 243 1312 nego
278 1240 443 1296 oratorem
478 1229 720 1310 simplicitatem
762 1229 925 1310 quandam
961 1229 1116 1296 affectare
1160 1239 1194 1296 et
1237 1251 1342 1314 genus

161 1339 241 1404 illud
278 1337 409 1404 dicendi
449 1336 570 1402 imitari
606 1337 747 1418 studere,
784 1337 867 1417 quod
894 1337 1010 1404 Graeci
1036 1338 1183 1404 rhetores
1218 1333 1341 1419 ἰσχνόν,

162 1446 299 1512 Romani
336 1443 457 1510 subtile
497 1443 675 1525 appellant.
724 1443 789 1510 Sed
827 1461 922 1525 quam
956 1445 1039 1510 male
1064 1445 1125 1510 hoc
1147 1445 1196 1511 illi
1222 1445 1340 1512 cessit!

163 1554 328 1638 Quantum
366 1551 460 1616 abest
494 1552 535 1615 ab
572 1549 691 1615 eximia
719 1559 791 1616 arte
814 1549 949 1632 Lysiae!
975 1551 1224 1618 Consideremus
1248 1572 1341 1635 prae-

162 1661 251 1726 clara
276 1658 334 1724 illa
358 1657 523 1724 Ciceronis
547 1658 642 1739 (orat.
669 1663 721 1742 23,
749 1657 805 1740 76)
830 1658 869 1722 de
893 1665 1022 1726 oratore
1046 1658 1177 1739 subtili:
1229 1660 1341 1744 „Sum-

162 1767 283 1832 missus
317 1772 369 1830 ost
398 1770 432 1830 et
466 1764 617 1864 'hunrilis‚
644 1764 910 1830 consuetudinem
936 1764 1080 1848 imitans
1106 1767 1147 1833 ab
1172 1766 1342 1834 indisertis

53 1894 56 1902 ’
163 1893 197 1940 re
222 1873 309 1954 plus,
334 1891 431 1953 quem
455 1872 616 1953 opinione,
642 1870 803 1938 differens.
843 1873 960 1953 Itaque
983 1891 1066 1956 eum,
1108 1875 1163 1954 qui
1194 1873 1342 1959 audiunt,

161 1980 313 2063 quamvis
352 1980 416 2062 ipsi
451 1978 597 2046 infantes
636 1978 713 2062 sint,
751 1987 858 2044 tamon
897 1979 953 2044 illo
989 1980 1082 2046 modo
1116 1981 1283 2048 confidunt
1307 2000 1343 2048 se

164 2088 403 2178 possedicere.
429 2123 472 2134 -
497 2123 537 2132 -
564 2087 697 2152 Solutus
721 2086 848 2166 quidem
875 2086 920 2152 sit
944 2106 1004 2153 nec
1027 2106 1133 2170 vagus
1158 2095 1279 2174 tamen,
1305 2097 1343 2155 ut

163 2196 292 2277 ingredi
328 2195 440 2278 libere,
476 2214 540 2260 non
576 2201 613 2259 ut
657 2193 794 2258 licenter
826 2193 979 2261 videatur
1024 2196 1167 2262 errare.“
1226 2196 1343 2278 Itaque

162 2304 274 2369 Cicero
312 2302 406 2368 docet
444 2301 658 2367 imitationem
694 2302 942 2374 consuetudinis
978 2301 1109 2368 minimo
1133 2309 1205 2368 arto
1229 2322 1344 2370 carere

162 2429 270 2492 neque
296 2410 378 2475 adeo
404 2411 532 2475 modum
556 2409 713 2475 excedere
737 2409 863 2492 debere,
891 2416 926 2475 ut
950 2410 1054 2476 oratio
1078 2429 1163 2492 vaga
1180 2412 1247 2478 liat.
1271 2412 1343 2476 Hac

161 2519 233 2600 ipsa
258 2518 299 2583 de
323 2535 423 2583 causa
448 2517 552 2582 oratio
576 2516 735 2582 adversus
759 2516 925 2582 Calliclem
958 2517 1097 2583 maxime
1126 2519 1345 2602 vituperanda

163 2638 223 2715 est,
261 2627 348 2708 quod
384 2628 525 2708 scriptor
561 2628 735 2708 permultis
774 2628 856 2693 locis
891 2628 1137 2708 simplicitatem
1184 2636 1343 2714 appetens

163 2735 419 2801 moderationem
456 2753 519 2799 non
557 2734 722 2819 adhibeat,
758 2734 807 2798 ita
844 2741 883 2799 ut
916 2735 1020 2800 oratio
1057 2754 1119 2800 non
1150 2736 1288 2817 simplex
1311 2742 1345 2802 et

163 2849 309 2911 venusta
343 2842 411 2925 fiat,
445 2840 502 2906 sed
541 2841 690 2923 vulgaris
726 2847 761 2905 et
796 2841 911 2922 turpis.
960 2841 1026 2906 Vix
1059 2843 1189 2923 quidem
1214 2842 1345 2910 decerni
1390 2832 1395 2840 ’

162 2956 282 3032 potest,
318 2967 401 3030 quae
436 2948 567 3031 rationi,
603 2967 686 3029 quae
719 2949 873 3013 inscitiae
909 2949 1084 3015 tribuenda
1120 2950 1188 3016 siut
1225 2969 1266 3018 cx
1289 2951 1342 3038 iis,

165 3057 284 3137 quihus
309 3055 529 3120 insulsitatem
554 3055 713 3121 orationis
738 3055 968 3140 demonstravi,
994 3067 1082 3122 certo
1105 3057 1243 3139 indigna
1267 3065 1345 3124 sunt

164 3171 197 3229 et
220 3162 326 3244 Lysia
349 3170 383 3228 et
405 3162 633 3228 Demosthene.
682 3163 847 3247 Quantum
883 3163 967 3228 enirn
1005 3163 1109 3229 distat
1138 3183 1157 3230 a
1182 3166 1243 3232 teli
1268 3184 1341 3248 per-

166 3271 326 3338 versitate
351 3270 455 3334 oratio
479 3276 592 3335 contra
616 3269 778 3336 Cononem
802 3270 926 3356 habita,
952 3288 1089 3351 quacum
1114 3271 1218 3337 oratio
1234 3274 1295 3340 LV
1311 3279 1344 3339 et

169 3375 388 3444 eSchaefero
413 3383 447 3443 et
470 3396 488 3441 a
512 3377 641 3443 Blassio
666 3377 798 3443 minime
822 3383 910 3462 apte,
936 3388 972 3443 ut
996 3379 1075 3444 mihi
1092 3379 1233 3466 videtur,
1258 3398 1343 3446 com-

169 3494 287 3567 parata
311 3491 372 3549 est.
412 3485 476 3549 Hic
493 3484 594 3550 habes
606 3485 776 3568 sinceram,
800 3504 865 3550 non
882 3485 1066 3552 affectatam
1083 3486 1341 3571 simplicitatem,

172 3595 225 3658 hic
249 3593 351 3658 habes
375 3609 481 3674 genus
505 3591 633 3657 dicendi
656 3592 779 3657 humile
803 3592 944 3673 quidem,
969 3611 1073 3673 neque
1092 3603 1200 3658 tameo
1214 3613 1344 3678 vagum,

171 3700 223 3765 hic
259 3699 474 3784 perspicuam,
511 3718 575 3764 non
607 3717 795 3780 perversam
832 3699 1087 3780 dispositionem.
1134 3700 1199 3766 Hic
1221 3700 1346 3768 frustra

170 3825 311 3889 quaeras
345 3806 521 3888 participia
556 3815 622 3871 tam
658 3806 769 3886 inepte
806 3815 974 3890 usurpata,
1005 3808 1099 3873 utin
1123 3807 1287 3894 Callicles,
1312 3816 1346 3875 et

173 3915 237 3980 alia
261 3914 320 3978 illa
345 3914 438 3996 vitia,
463 3931 547 3994 quae
571 3931 672 3995 supra
694 3914 915 3997 perstrinxi*).

278 4022 395 4101 Itaque
429 4028 466 4085 ut
497 4021 563 4085 iam
598 4039 754 4086 summam
788 4021 954 4086 conficiam
978 4021 1094 4103 exiis,
1119 4023 1260 4103 quaein
1284 4024 1346 4090 hac
1395 4017 1397 4020 ’

176 4129 403 4195 dissertatione
438 4129 583 4213 exposui,
620 4127 765 4194 dubitari
788 4146 852 4193 non
877 4147 973 4209 posse
996 4128 1074 4193 mihi
1098 4128 1240 4213 videtur,
1266 4131 1344 4212 quio

235 4288 261 4348 *t
280 4288 422 4356 Spiekerue
440 4287 458 4342 l.
477 4288 495 4342 l.
514 4305 540 4356 p.
560 4289 610 4342 341
640 4303 710 4342 unns
737 4303 769 4342 ex
788 4287 940 4343 hominibus
958 4288 1045 4342 doctis
1064 4289 1134 4343 hauc
1159 4289 1345 4346 diversitatem

278 4378 350 4430 inter
369 4377 520 4432 Conoueam
539 4385 567 4431 et
586 4377 738 4431 Callicleam
756 4377 903 4446 praedicat
