3254 4998
721 385 943 449 ..30-

356 575 374 664 §
401 588 418 646 3
444 581 585 646 Verbum
611 584 756 658 γειτνιᾶν
781 581 834 662 (id.
861 579 953 666 §23)
971 599 1029 662 pro
1046 583 1177 659 γείτονα
1195 571 1429 648 εἶναιΒειῐιοε-

250 686 366 752 thoues
391 689 505 753 evitat.

358 786 624 878 Ἐπιδημοῦντος
659 787 838 881 Ἀθήνησιν.
885 794 932 861 Of.
964 797 1114 862 Othonem
1148 797 1181 860 in
1206 797 1281 862 diss.
1307 815 1331 862 s.
1377 797 1429 862 De

250 900 491 982 Demosthenis,
531 921 613 983 quae
648 903 770 982 fertur,
816 903 974 970 adversus
1008 903 1234 968 Phormionem
1271 904 1428 970 oratione.

251 1007 398 1072 Heidelb.
428 1015 510 1073 1889
537 1010 576 1073 ad
603 1007 795 1095 [XXXIV],
823 1016 849 1074 2.
897 1011 950 1074 Ex
973 1011 1063 1088 loeis,
1088 1028 1167 1090 quos
1200 1011 1255 1074 ille
1284 1010 1428 1092 collegit,

251 1121 397 1196 apertum
434 1116 471 1181 fit
506 1113 539 1180 in
577 1118 780 1182 orationibus
819 1118 971 1198 genuinis
1007 1119 1141 1183 verbum
1181 1113 1367 1201 ἐπιδημεῖν,
1400 1118 1429 1183 si

251 1230 360 1287 orator
384 1225 423 1286 de
448 1226 526 1289 urbe
561 1225 670 1304 patria
704 1225 858 1308 loquitur,
885 1219 1015 1306 semper
1028 1224 1076 1288 ita
1092 1224 1250 1307 adhiberi,
1277 1231 1312 1289 ut
1328 1224 1429 1306 signi-

251 1329 359 1394 fieatio
385 1331 475 1396 urbis
500 1351 564 1396 nou
588 1332 738 1396 addatur.
786 1331 903 1411 Itaque
927 1333 980 1397 hie
1003 1332 1093 1396 loeus
1116 1331 1270 1396 abhorret
1303 1333 1344 1397 ab
1369 1350 1429 1398 usu

252 1437 493 1503 Demosthenis.
557 1460 558 1463 ¹
807 1496 811 1503 .
1407 1451 1411 1460 ’

360 1542 379 1630 ξ
403 1551 423 1609 4
448 1536 689 1632 Ἆπηγόρευσεν.
739 1547 879 1612 Dobetus
905 1548 995 1628 (Van.
1021 1547 1090 1612 leet.
1117 1566 1145 1625 p.
1173 1546 1227 1626 38)
1252 1541 1429 1629 ἀγορεύσω,

251 1642 411 1734 η’γδρεασα
434 1660 496 1718 ete.
522 1663 553 1717 et
579 1660 718 1734 cognata
744 1654 850 1718 omnia
874 1654 1028 1734 nequein
1045 1654 1183 1734 simplici
1202 1653 1305 1720 forma
1326 1672 1432 1733 neque

252 1760 285 1825 in
311 1761 489 1842 composita
512 1761 546 1824 in
571 1761 706 1840 antiquo
731 1780 878 1826 sermone
902 1763 1027 1826 Graeco
1052 1761 1175 1826 usitata
1200 1759 1303 1826 fuisse
1328 1779 1432 1840 neque

252 1885 363 1931 earum
388 1867 563 1932 t'orrnarnm
590 1870 738 1950 exempla
763 1869 849 1950 apud
868 1877 1002 1961 ¹veteres
1026 1875 1168 1952 exstare,
1192 1869 1255 1932 uisi
1286 1867 1371 1933 forte
1396 1868 1430 1930 iu

253 1992 317 2038 uuo
350 1975 517 2054 alteroque
553 1976 621 2041 loeo
655 1977 834 2056 depravato
870 1976 1093 2041 demonstrare
1128 1976 1263 2042 studuit.
1311 1976 1432 2040 Contra

255 2079 423 2145 Veitebius
448 2083 570 2161 (Greek
594 2086 701 2168 verba,
726 2103 749 2148 s.
774 2103 804 2150 v.
829 2075 992 2166 α’γορεύα)
1023 2083 1243 2164 eonrpluribus
1275 2081 1432 2162 exemplis

255 2187 366 2252 allatis
390 2189 466 2254 illas
490 2187 612 2255 formas
636 2191 824 2256 retinendas
848 2209 920 2256 esse
944 2198 1065 2255 censet.
1114 2189 1191 2254 Sine
1219 2189 1316 2254 dubio
1350 2187 1434 2252 diffi-

255 2295 334 2360 ciles
374 2307 452 2360 sunt
488 2297 527 2360 ad
564 2299 766 2362 mutandum·
792 2317 861 2363 oum
900 2298 992 2363 multi
1018 2297 1075 2362 alii
1101 2297 1161 2361 loci
1186 2303 1253 2361 tum
1280 2297 1343 2376 hie,
1369 2313 1433 2375 quo

255 2409 389 2483 propter
420 2410 607 2483 sequentem
645 2407 802 2470 aoristum
845 2400 1085 2489 διεμαρτύρατο
1118 2423 1179 2469 nou
1212 2397 1432 2486 ἀπηγόρευεν,

257 2510 313 2574 sed
348 2506 496 2573 α’πεῐπεν
546 2513 586 2576 de
640 2513 752 2577 Dobeti
798 2513 962 2578 sententia
1005 2512 1210 2577 scribendum
1246 2517 1340 2576 esset.
1388 2511 1434 2575 Ut

257 2619 477 2697 quaestionem
515 2620 691 2702 solvamuS,
727 2620 959 2700 inscriptiones
998 2618 1216 2684 consulendae
1252 2625 1337 2683 sunt.
1394 2617 1433 2681 In

256 2725 375 2804 quilius
398 2716 617 2809 demonsiret
651 2744 707 2809 pro
741 2719 892 2790 α’νειπεῐν
924 2727 1000 2791 inde
1031 2727 1072 2790 ab
1098 2745 1182 2790 anuo
1206 2724 1434 2790 trecentesimo

234 2833 411 2898 ⁴vicesimo
436 2834 549 2913 quinto
573 2836 711 2916 reperiri
735 2835 1007 2900 Meisterhansius
1031 2833 1158 2916 (Graiu.
1183 2834 1213 2897 d.
1232 2839 1291 2896 att.
1307 2832 1434 2897 Insehr.

257 2960 286 3020 p.
314 2942 388 3019 145)
414 2941 515 3005 donet.
550 2941 666 3021 itaque
691 2944 750 3006 hus
766 2941 887 3007 formas
904 2943 967 3005 inm
980 2941 1210 3005 Demosthenis
1234 2938 1435 3019 temporibus

258 3048 429 3127 dispersim
454 3049 620 3114 adhibitas
646 3068 718 3114 esse
744 3050 911 3132 probabile
935 3059 992 3114 est.
1040 3048 1293 3113 Demosthenem
1329 3047 1434 3126 ipsum

258 3155 407 3219 notitiam
443 3157 571 3236 quidem
607 3176 717 3223 earum
754 3158 908 3223 habuisse
943 3164 1083 3238 apparet
1118 3175 1158 3220 ex
1182 3152 1281 3237 XlX,
1310 3159 1371 3218 178
1395 3155 1436 3238 τῇ

257 3261 318 3340 μὲν
351 3266 417 3324 τῶν
452 3260 631 3344 συμμάχων
665 3256 866 3328 α’ντειπόντα
903 3259 1043 3351 εἰρήνη·
1061 3267 1101 3348 τῆ
1136 3261 1171 3326 δὲ
1211 3255 1437 3345 Φιλοκράτους

259 3366 552 3455 συναγορειῐααντα,
579 3392 640 3452 quo
665 3374 733 3438 loeo
759 3375 862 3438 altera
887 3371 992 3437 forma
1016 3372 1123 3452 posita
1148 3376 1208 3454 est,
1233 3388 1274 3434 ne
1298 3369 1360 3433 duo
1377 3368 1436 3432 illa

258 3479 360 3543 verba
376 3479 486 3544 eodem
505 3481 596 3544 modo
615 3481 775 3546 caderent.
792 3481 970 3545 Praeterea
986 3487 1094 3544 autem
1112 3479 1235 3543 nullum
1253 3476 1436 3558 exemplum

260 3592 380 3672 exstat,
406 3587 453 3651 ita
478 3595 514 3651 nt
538 3588 642 3653 forma
666 3582 870 3671 ἀπηγόρευσε
895 3589 945 3652 hie
969 3586 1146 3652 offensione
1169 3603 1231 3650 non
1257 3589 1376 3650 eareat.

366 3709 428 3796 §5
459 3709 738 3797 Καίτοι-δήπου.
786 3714 923 3794 Saepius
962 3711 1130 3779 iuvenitur
1165 3710 1251 3790 apud
1288 3723 1438 3773 oratores

261 3821 370 3883 καίτοι
395 3811 434 3882 αὖ
458 3815 574 3903 δήπου,
589 3829 624 3884 ut
643 3817 807 3901 XXXVI,
834 3827 884 3885 22.
909 3821 987 3902 Lys.
1013 3819 1087 3901 VII,
1107 3825 1156 3882 96.
1182 3817 1318 3898 hariph.
1333 3816 1370 3898 V,
1385 3821 1436 3879 85·

261 3928 383 3993 Audon.
407 3927 465 4008 IV,
491 3934 541 3992 36.
590 3929 724 3992 Nullum
749 3929 854 3994 locum
879 3927 1090 4010 investigavi,
1116 3943 1178 4006 quo
1202 3926 1235 3990 in
1266 3923 1439 3989 enuntiato

262 4034 403 4118 positivo
428 4037 536 4098 καίτοι
561 4030 668 4118 δήπου
692 4037 832 4117 positum
858 4037 908 4100 sit.

369 4136 680 4228 §S‘Opoloyairut
720 4143 777 4206 καὶ
814 4134 898 4226 παρ’
936 4136 1042 4205 αὐτῶν
1076 4135 1210 4203 τούτων.
1257 4139 1321 4203 Hie
1359 4155 1439 4202 usus

263 4271 411 4333 praepos.
447 4248 540 4334 παρὰ
577 4253 663 4334 apud
704 4254 835 4318 verbum
860 4251 1025 4331 passivum
1051 4241 1286 4329 ὁμολογεῖσθαι
1311 4245 1439 4310 alienus

263 4372 315 4426 est
339 4381 358 4425 a
382 4379 528 4428 sermone
552 4357 793 4442 Demosthenis
819 4360 937 4440 quippe
961 4359 1014 4438 qni
1044 4374 1170 4437 semper
1198 4351 1441 4419 construetione
