3254 4998
742 397 962 466 ..48-

266 599 364 675 μένοι
400 598 672 678 συκοφαντοῦσιν.
732 597 836 662 Multo
880 589 1080 677 probabilior
1115 602 1148 661 et
1184 595 1224 660 ad
1266 587 1448 661 carinarum

267 703 376 783 aptior
414 707 465 768 est
496 702 729 782 interpretatio
764 704 802 769 G.
828 703 869 768 Η.
896 701 1074 783 Sciraeferi‚
1100 702 1155 782 qui
1180 702 1311 784 supplet
1335 699 1450 764 εἶκαὶ

268 808 371 894 μηδὲν
406 805 484 873 ἄλλο
519 803 724 891 πεποιήκασι
758 812 819 872 τοῦ
850 804 1075 890 φυλάττεσθαι
1106 803 1166 893 τὴν
1190 804 1225 870 ἐκ
1248 811 1307 871 τοῦ
1332 802 1451 880 ὕδατος

269 912 427 1002 ἐσομένην
451 911 576 1001 βλάβην
600 924 633 981 et
655 913 813 1002 τοιαύτην
835 912 946 979 αἰτίαν
970 917 1121 997 explanat
1148 916 1256 982 vetitis
1280 910 1450 979 τοῦαιῗτοὶ

269 1014 312 1086 δι’
336 1017 453 1093 αὖτοὺς
476 1018 676 1107 βεβλάφθαι.
723 1021 838 1104 Itaque
862 1042 979 1089 sensus
1001 1029 1068 1088 est:
1105 1023 1292 1105 Vituperari
1318 1023 1448 1104 quidem

272 1128 373 1196 vicini
409 1137 556 1212 possunt,
593 1129 678 1211 quod
712 1131 793 1195 nihil
819 1129 1041 1215 providerunt,
1067 1148 1172 1210 neque
1196 1148 1272 1194 vero
1298 1130 1338 1194 iis
1363 1129 1449 1194 obici

270 1243 379 1317 potest
403 1235 458 1301 'ces
482 1255 541 1301 sua
565 1237 669 1318 ipsius
705 1238 809 1319 culpa,
843 1243 878 1302 ut
911 1246 1127 1318 accusatores
1165 1237 1315 1302 damnum
1342 1236 1449 1301 maias

268 1344 444 1424 accepisse.

376 1470 485 1534 Pauca
510 1476 646 1552 restant,
672 1489 755 1550 quae
780 1470 819 1535 do
843 1470 1079 1534 sententiarum
1104 1476 1271 1534 structura
1290 1470 1447 1535 monenda

269 1583 356 1642 suut.
393 1577 433 1642 ln
458 1575 498 1663 ἕξ
524 1585 541 1642 5
567 1596 615 1658 sq.
663 1584 774 1642 orator
808 1583 877 1642 tum
904 1594 1000 1641 unum
1029 1584 1096 1641 turn
1122 1577 1305 1657 complures
1330 1577 1446 1643 adver·

187 1679 190 1685 ’
268 1683 373 1749 sarius
409 1686 578 1766 appellans
618 1685 764 1766 saepius·
786 1685 857 1750 sine
893 1684 1009 1749 idonea
1040 1703 1138 1749 causa
1174 1684 1375 1762 singularem
1412 1695 1445 1750 et

270 1790 431 1871 pluralem
455 1791 542 1856 inter
565 1809 600 1856 se
625 1787 898 1876 permutandam
923 1785 1029 1873 δήπου
1053 1784 1189 1869 ῧμῑν-
1203 1781 1248 1851 ἵν’
1272 1786 1304 1853 εί
1326 1789 1389 1871 μὲν
1406 1829 1444 1837 -

269 1896 373 1983 μηδὲν
408 1890 488 1977 ὑμῖν
531 1933 569 1942 -—
607 1893 697 1960 εἶδέ
729 1936 771 1942 -
808 1889 892 1976 εἶχες
937 1936 980 1942 -
1016 1894 1198 1971 ἕπιίεῑξαεί
1230 1914 1264 1960 σε
1302 1893 1369 1960 ἔδει
1403 1937 1444 1942 -

270 1997 455 2086 ἀπέφαινες
481 2041 514 2049 -—
546 1999 838 2092 καταδιρτήσασθε.
886 2005 925 2070 In
942 2007 959 2084 ἕ
979 2011 1017 2069 15
1043 2004 1241 2070 constructio
1265 2005 1443 2071 accusativi

272 2129 342 2175 cum
369 2109 530 2176 infinitivo
555 2111 718 2193 excipitur
742 2113 954 2176 enuntiatae
979 2110 1141 2192 particula
1172 2102 1223 2174 ὅτι
1255 2111 1444 2193 incipiente:

270 2218 408 2283 δοκοῦσι
441 2225 622 2302 μαρτυρεῖν
658 2219 714 2281 καὶ
743 2215 781 2281 τὸ
812 2221 932 2301 χωρίον
958 2210 1107 2281 εἶναι-
1132 2218 1187 2281 καὶ
1210 2210 1271 2281 ὅτι.
1296 2218 1335 2283 Iu
1360 2217 1379 2305 ξ
1404 2225 1442 2284 31

270 2345 289 2390 a
322 2327 421 2391 verbo
450 2322 637 2405 θαυμάζειν
671 2327 790 2408 pendet
826 2334 860 2391 et
890 2327 1135 2392 substantivum
1168 2335 1202 2391 et
1237 2327 1442 2392 enuntiatum

270 2433 498 2500 sectrndarium
527 2428 573 2517 μή
594 2428 783 2513 θαυμάζετε
808 2472 849 2479 --
873 2429 934 2518 τήν
956 2429 1082 2496 τούτων
1105 2435 1304 2517 προθυμίαν
1328 2428 1445 2517 μηδέί.

271 2540 406 2606 Minime
445 2542 578 2622 elegans
618 2559 669 2606 est
708 2543 742 2606 in
782 2540 800 2627 ξ
843 2548 883 2606 32
924 2549 1091 2606 structura
1127 2541 1289 2607 enuntiati
1313 2541 1445 2607 relativi

273 2641 357 2730 ὑπὲρ
374 2632 419 2710 ὧν
442 2641 458 2710 ὁ
483 2643 650 2733 πατὴρ-
664 2643 787 2732 φράξας
810 2644 930 2730 ἐπεβίω
955 2645 1152 2722 δικάζονται.
1177 2649 1257 2714 Nam
1283 2649 1446 2714 sententia

271 2757 409 2820 obscura
442 2755 489 2837 fit,
529 2756 614 2836 qued
650 2756 805 2822 attractio
841 2756 990 2821 adhibita
1026 2763 1086 2836 est,
1124 2775 1300 2836 pronomen
1337 2763 1445 2821 autem

272 2862 448 2929 relativum
489 2864 608 2943 pendet
647 2884 666 2929 a
706 2864 878 2945 participio
919 2859 1056 2947 φράξας,
1097 2883 1161 2928 non
1201 2883 1220 2928 a
1260 2864 1446 2945 praedicato

273 2971 436 3035 enuntiati
461 2965 591 3053 ἐπεβίω.
640 2972 864 3052 Vituperauda
889 2980 939 3036 est
964 2973 1061 3061 etiam
1092 2971 1302 3036 arracoluthia
1335 2972 1399 3036 iam
1430 2991 1449 3035 a

273 3077 401 3144 Blassio
426 3077 471 3158 (p.
498 3083 563 3143 224
587 3098 662 3145 ann.
689 3081 721 3160 8)
758 3086 872 3144 notata
903 3079 936 3143 in
968 3081 985 3156 ξ
1018 3087 1057 3142 22
1086 3073 1124 3140 ὃν
1149 3071 1201 3141 ὅτι
1225 3083 1287 3158 μέν
1310 3115 1357 3125 -
1379 3074 1448 3163 ἐξη-

272 3181 443 3270 μάρτηκεν
477 3223 520 3230 -
556 3180 662 3249 αὐτίκ’
701 3184 830 3249 εἴσεσθε
865 3189 1077 3269 σαφέστερον,
1116 3178 1167 3248 ὅτι
1205 3186 1242 3248 δέ
1279 3224 1318 3230 -
1356 3187 1450 3270 δίκην

274 3291 394 3378 εἴληχε,
417 3286 599 3374 τοῦθ’ὖμᾶς
622 3289 682 3379 ἤδη
706 3289 913 3377 πειράσομαι
938 3288 1115 3360 διδάσκειν.

382 3421 473 3506 Quod
506 3439 736 3501 nonuunquam
771 3420 875 3484 oratio
908 3425 1087 3484 renovatur
1122 3419 1311 3500 pronomine
1344 3403 1448 3504 οὗτος,

275 3529 396 3593 nullam
421 3531 559 3610 praebet
577 3527 795 3607 offensionem,
809 3527 838 3592 si
859 3527 1024 3592 antecedit
1040 3527 1244 3592 enuntiatum
1261 3527 1448 3610 relativum,

275 3643 312 3701 nt
335 3637 368 3701 in
394 3634 413 3722 ξ
439 3642 478 3703 le
504 3628 522 3697 ὅ
548 3673 583 3680 ·-
612 3629 726 3720 τούτῳ.
765 3635 859 3700 Talia
882 3635 966 3700 euim
992 3633 1178 3715 frequentia
1206 3634 1293 3716 apud
1317 3635 1451 3700 Demos-

275 3744 404 3809 theuem
438 3750 515 3808 sunt
550 3742 611 3825 (Of.
646 3743 749 3808 Rehd.
786 3742 857 3836 ind:
889 3743 914 3808 Ι.
947 3761 971 3808 ε.
998 3761 1027 3808 v.
1054 3726 1171 3823 οὗτος).
1220 3743 1340 3807 Contra
1366 3743 1451 3808 tales

274 3850 570 3932 redintegrationes
599 3850 787 3932 prenomine
819 3839 913 3920 οὗτος
945 3850 1063 3932 factae,
1100 3850 1212 3928 quales
1237 3851 1392 3930 leguntur
1414 3850 1451 3915 in

274 3955 293 4043 ξ
321 3964 360 4023 10
385 3959 441 4020 καὶ
464 3953 502 4040 δὴ
527 3959 583 4020 καὶ
606 3951 694 4020 τοῦτ’
720 3953 898 4020 εἰσπῖπτον
923 3995 964 4002 --
989 3955 1170 4042 τηνικαῦτα
1192 3955 1328 4036 τοῦτο*)
1358 3967 1391 4021 at
1415 3957 1449 4022 iu

275 4063 358 4151 §21
394 4068 550 4127 τοσοῦτον
589 4067 700 4126 τοίνυν
735 4064 951 4146 διαφέφονσιν
986 4049 1079 4126 οὗτοι
1113 4066 1179 4125 τῶν
1213 4059 1333 4136 ἄλλων,
1369 4055 1451 4126 ὥστε

275 4169 511 4257 τετολμήκασιν
535 4156 628 4235 οὗτοι
651 4171 856 4252 incompositi
881 4172 1022 4237 oratoris
1046 4178 1132 4236 sunt.

329 4386 354 4456 *i
374 4387 424 4441 Hie
445 4385 550 4453 quidem
570 4385 652 4440 codex
670 4387 695 4439 A
715 4384 830 4439 altarum
849 4384 926 4440 rodco
946 4383 1057 4438 omittit.
