3254 4998
790 424 1002 484 ...24-

303 612 419 678 similis
443 613 497 678 est
528 613 611 678 Isae.
647 613 740 697 VIII,
778 619 818 678 31
856 609 887 676 εἰ
907 616 1019 676 τοίνυν
1042 614 1098 676 καὶ
1121 611 1216 701 ζώσης
1239 608 1351 700 κύριος
1386 613 1483 691 adele

302 717 348 805 μὴ
371 715 510 800 ἐγένετο,
535 719 697 804 -δῆλον
721 712 772 783 ὅτι
803 721 859 782 καὶ
888 705 1115 793 ιειελενκυίας
1139 760 1181 766 --
1204 716 1285 806 ἡμῖν
1308 721 1480 809 προσήκει.

305 829 399 909 Apud
425 821 674 894 Demosthenem
711 827 797 892 huno
833 845 924 892 usum
962 829 1142 908 particulae
1176 831 1316 895 autnon
1343 832 1479 900 itafre-

303 942 454 1018 quentem
479 953 550 1001 esse
572 954 613 1001 ex
637 935 802 1001 Gebaueri
827 936 1016 1015 quaestione
1039 937 1189 1018 intellegi
1215 945 1331 1017 potest.

410 1041 428 1128 ξ
453 1049 494 1108 30
520 1034 784 1126 Ἆπροσδοκήιος.
810 1041 897 1106 idem
924 1043 1112 1112 adverbium
1136 1044 1265 1126 repperi
1289 1046 1375 1129 LIV,
1404 1054 1430 1113 1.

411 1147 605 1234 Φροίττονια
643 1143 684 1212 τὰ
724 1147 852 1212 ἑαυτοῦ.
892 1147 941 1216 ef.
979 1149 1072 1231 XXI,
1115 1159 1153 1216 17
1192 1147 1233 1215 τὰ
1266 1149 1480 1238 παρασκήνια

302 1256 462 1344 φράττων.

407 1360 572 1446 Ἡγοῦμαι
583 1403 627 1412 ——
639 1363 771 1445 νομίζοι.
797 1364 955 1430 slmlliter
968 1365 1095 1429 varlata
1109 1372 1187 1430 sunt
1206 1367 1307 1432 verba
1324 1359 1479 1450 ἡγεῖσθαι

300 1482 335 1540 el
359 1471 490 1540 οἴεσθαι
516 1474 557 1559 ll,
584 1481 612 1549 9,
638 1470 783 1552 νομίζειν
807 1480 839 1536 et
864 1465 995 1536 oIeo‘dao
1025 1473 1152 1549 XVIII,
1177 1479 1241 1538 252
1277 1466 1295 1535 ὅ
1326 1475 1479 1555 βέλτιστα

300 1575 463 1663 πράττειν
488 1578 627 1661 νομίζων
651 1580 705 1641 καὶ
729 1573 864 1663 α’ρίσιην
890 1573 977 1657 ἔχειν
1001 1575 1163 1658 οἰόμενος.

403 1691 664 1768 Διεφθαρμένον
698 1679 765 1748 ὑπὸ
802 1681 908 1750 νόσου.
932 1685 979 1752 df.
1005 1686 1091 1771 LIV,
1118 1693 1158 1752 39
1182 1680 1242 1749 τὰν
1258 1683 1478 1772 epistolat-

299 1789 381 1876 μους
406 1795 645 1876 διεφθαμένον.
670 1789 854 1879 [XLVIII],
880 1801 921 1858 52
949 1793 1148 1877 διέφθαρται
1177 1795 1232 1857 καὶ
1255 1805 1479 1879 παραφρονεῖ.

298 1903 398 1969 Isoor.
434 1903 512 1984 XII,
547 1909 610 1968 269
651 1897 710 1981 ἐμὲ
742 1900 776 1964 δὲ
819 1897 1030 1985 διεφθάρθαι
1065 1903 1121 1964 καὶ
1149 1899 1368 1966 παντάπασιν
1391 1895 1481 1969 εἶναι

299 2005 423 2094 μωρόν.

405 2113 495 2203 Πρὸς
528 2110 590 2201 γὰρ
623 2123 693 2188 τοῖς
726 2111 836 2188 ἄλλοις
864 2122 974 2188 κακοῖς
997 2116 1052 2180 καί
1073 2119 1182 2180 τοῦτο.
1206 2117 1255 2185 df.
1280 2119 1408 2204 XVIII,
1436 2128 1477 2189 16

299 2229 406 2290 καίτοι
441 2219 526 2310 πρὸς
560 2218 665 2290 ἅπασι
698 2233 766 2297 τοῖς
798 2221 908 2296 ἄλλοις
939 2225 1076 2296 δικαίοις
1106 2263 1151 2270 -
1174 2227 1230 2290 καί
1253 2231 1360 2305 τοῦτο,
1385 2226 1478 2316 [ep,]‚

297 2333 425 2418 111‚43
461 2326 545 2417 πρὸς
578 2340 645 2404 τοῖς
679 2329 791 2404 ἄλλοις
820 2339 939 2404 κακοῖς.
972 2333 1072 2399 Isoor.
1107 2334 1180 2419 XV,
1210 2340 1271 2399 142
1297 2328 1481 2420 apostole

298 2437 408 2512 ἄλλοις
438 2448 559 2513 κακοῖς.
595 2441 742 2506 Ceterum
779 2440 821 2506 de
856 2442 915 2506 hoc
951 2459 1011 2506 usu
1043 2442 1295 2523 praepositionis
1329 2440 1412 2527 πρός
1436 2444 1479 2513 of.

297 2549 451 2614 Lutzium
475 2549 509 2614 in
534 2566 634 2631 progr
667 2549 687 2614 l.
713 2565 743 2628 p.
771 2555 844 2614 157.

401 2653 419 2741 ξ
446 2663 485 2721 33
513 2655 617 2720 Οὐδὲν
656 2645 698 2718 ἄν
734 2651 851 2736 ὄφελος
879 2653 929 2741 εἴη
961 2657 1028 2719 τῶν
1056 2651 1247 2743 εἰρημένων.
1272 2657 1321 2724 df.
1346 2659 1405 2745 IX,
1433 2667 1475 2726 69

296 2766 331 2826 τί
363 2759 487 2826 τούτων
521 2759 652 2845 ὅφελος;
686 2765 774 2845 LIV,
810 2769 860 2848 15,
887 2769 927 2828 33
958 2755 1054 2827 οὐδὲν
1075 2767 1132 2847 τῆς
1155 2757 1320 2850 &depilatus
1344 2762 1475 2849 ὄφελος.

299 2868 415 2957 [XLI],
441 2879 494 2937 26.
520 2867 641 2956 [LIII],
667 2878 718 2937 27.
746 2867 859 2957 [LVI],
885 2878 914 2936 2.
967 2947 968 2951 ¹

402 2970 573 3042 Ἐλαύνειν
596 2976 647 3060 (=
661 2978 795 3061 vexare)
820 2997 890 3043 oum
906 2978 1027 3044 eadem
1052 2978 1184 3044 notione
1206 2979 1330 3059 legitur
1345 2980 1473 3066 XVIII,

296 3089 349 3150 48.
374 3084 468 3171 xxi,
495 3093 547 3170 oo,
577 3090 648 3167 111,
677 3091 749 3171 134,
777 3092 850 3170 173,
874 3085 1032 3168 xxxvl,
1059 3091 1110 3151 aa.
1138 3081 1313 3171 [ep.],111,
1340 3093 1392 3152 aa.

403 3194 494 3257 Haeo
532 3192 641 3276 habui,
682 3211 765 3273 quae
806 3193 1000 3258 dissererem
1041 3191 1081 3257 de
1116 3193 1255 3273 singulis
1295 3194 1404 3258 verbis
1437 3201 1473 3260 et

295 3299 482 3384 structuris,
507 3318 590 3380 quae
613 3299 647 3364 in
672 3301 819 3366 oratione
835 3303 895 3366 LV
912 3300 985 3365 usui
1017 3301 1248 3366 Demosthenis
1264 3301 1473 3381 respondent.

296 3408 367 3491 Qua
403 3407 435 3471 in
471 3425 507 3472 re
542 3405 651 3474 facere
686 3427 749 3472 non
787 3426 967 3489 possumus,
1003 3408 1081 3488 quin
1118 3407 1263 3474 dicamus
1287 3409 1376 3473 nullo
1402 3410 1471 3474 loeo

295 3514 540 3580 similitudinem
566 3515 663 3580 talem
698 3531 782 3596 esse,
808 3522 845 3580 nt
869 3515 1045 3580 oratIonem
1071 3515 1282 3581 Demostheni
1308 3516 1473 3583 ascribere

295 3640 459 3702 cogamur.
505 3623 587 3688 Nam
624 3630 681 3688 aut
715 3641 763 3708 ea,
800 3623 917 3703 quihus
946 3623 1089 3705 genuina
1121 3641 1218 3704 opera
1243 3623 1473 3690 Demosthenis

295 3734 329 3794 et
353 3729 508 3795 Calliclea
542 3730 629 3795 iuter
662 3749 696 3795 se
721 3740 915 3816 congruunt,
941 3731 1073 3811 propria
1097 3739 1175 3795 sunt
1198 3731 1377 3796 eommunis
1402 3749 1469 3797 ser-

294 3837 400 3902 monis
435 3837 538 3922 attioi,
575 3846 633 3902 aut
667 3838 845 3902 similitudo
878 3840 1019 3903 locorum
1045 3844 1112 3902 tam
1138 3837 1221 3902 lev1s
1244 3845 1305 3918 est,
1330 3847 1367 3902 ut
1391 3841 1472 3906 casu

294 3963 363 4010 eam
389 3943 509 4009 iactam
535 3962 607 4010 esse
630 3945 902 4012 verIsimillimum
926 3947 971 4010 sit
981 3947 1022 4027 *).

355 4067 381 4132 Ι*)
401 4067 545 4135 Compares
573 4068 655 4122 etiam
683 4068 698 4136 ἕ
720 4069 752 4122 14
786 4072 833 4130 Τίς
853 4064 887 4124 ἂν
905 4069 945 4124 ἔτι
964 4065 1045 4140 λόγος
1065 4061 1243 4141 ἰσχυρότερος
1262 4067 1390 4139 γένοιτο;
1410 4084 1471 4123 oum

399 4157 481 4212 Isoor.
501 4157 589 4224 XVII,
608 4158 643 4212 53
662 4161 703 4218 τίς
713 4153 748 4214 ἂν
758 4158 873 4231 ἔλεγχος
883 4153 1061 4232 ἰσχυρότερος
1072 4151 1167 4212 τούτου
1179 4157 1302 4229 γένοιτος
1324 4156 1473 4213 Praeterea

401 4247 537 4302 exordium
557 4247 687 4301 orationis
706 4248 754 4301 LV
774 4235 829 4302 012
851 4236 883 4320 ἦν
903 4243 957 4320 ἄρα
968 4240 1163 4320 χαλεπώτερον
1177 4233 1258 4301 οὗίὲν
1273 4241 1424 4317 ἦγείτονος
1435 4278 1469 4287 -

400 4345 504 4409 τυχεῖν,
533 4333 601 4412 ὅπερ
630 4335 693 4412 ἐμοὶ
726 4341 788 4392 νυνί
823 4338 990 4413 συμβέβηκεν
1019 4338 1052 4391 ei.
1091 4352 1150 4389 cum
1179 4335 1248 4406 [XL]
1279 4338 1301 4390 1.
1332 4335 1413 4407 [L11]‚
1442 4341 1470 4393 2.

402 4425 529 4498 [prooem]
559 4429 602 4481 31.
631 4427 713 4480 Isoor.
742 4427 830 4494 XVII,
855 4431 880 4482 2.
918 4427 1002 4481 Nemo
1029 4429 1139 4495 propter
1166 4426 1248 4480 talem
1277 4426 1470 4481 nonnullarum

399 4515 566 4570 locutionum
585 4515 795 4572 communionem
815 4516 957 4584 scriptores
976 4515 1082 4570 eosdem
1101 4529 1158 4570 esse
1176 4514 1314 4569 iudicabit.
