3254 4998
756 444 795 502 15
844 475 885 484 ..

186 629 321 696 ἐκπιεῖν
347 653 381 712 γε
396 629 595 717 danaveta,
614 633 733 713 quibus
749 634 877 698 iudices
894 635 1119 699 Athenienses
1136 633 1365 699 cavillationis

186 741 435 806 amantissimos
471 731 514 804 ad
547 741 650 805 ‘risun
688 740 851 806 excitatus
888 759 962 805 esse
993 741 1274 806 verisimillimum
1300 747 1364 805 est.

186 849 258 932 Qua
296 849 337 912 de
374 865 474 937 causa
509 847 651 912 fortasse
674 833 808 930 oratur,
846 849 1041 927 praesertim
1078 867 1149 912 cum
1176 848 1219 940 ad
1247 865 1364 914 novam

186 965 316 1036 partem
341 954 501 1020 transiret
512 953 555 1037 ⁸¹),
581 951 615 1017 in
633 953 772 1018 diceudo
797 971 932 1033 pausam
956 955 1067 1019 facere
1097 961 1231 1020 coactas
1263 955 1365 1020 rcrba

186 1061 362 1143 sequentia
397 1081 461 1126 non
497 1069 564 1126 tam
600 1072 671 1126 artu
707 1080 778 1126 cum
822 1061 1095 1126 antecedentibus
1132 1061 1363 1143 coniungebat.

185 1171 344 1234 Attamen
369 1170 468 1234 etiam
505 1168 534 1233 si
557 1169 618 1233 hoc
653 1168 859 1252 respicimus,
883 1177 991 1233 restat
1014 1169 1127 1250 gravis
1152 1167 1365 1250 neglegentia

185 1279 220 1342 in
244 1277 480 1359 coniungendis
505 1275 662 1340 orationis
687 1276 847 1356 partibus.

293 1386 367 1449 Non
397 1367 502 1448 minus
537 1381 725 1448 offensionis
759 1383 846 1447 inest
884 1383 918 1447 in
958 1382 1128 1448 enuntiato
1159 1383 1243 1464 §au
1267 1375 1286 1444 t·
1310 1383 1365 1444 καὶ

184 1487 324 1553 πάντων
348 1486 416 1553 ἐπὶ
439 1485 633 1552 δεινότατον
660 1525 701 1534 —-
725 1486 832 1572 εἴληχε
855 1490 958 1575 δίκην.
997 1491 1081 1555 Nam
1105 1491 1181 1555 inde
1206 1493 1246 1553 ult
1270 1488 1365 1554 initia

184 1601 269 1677 §ab
294 1591 333 1660 τὰ
366 1595 401 1660 δὲ
432 1591 588 1659 εἰσπεσὸν
619 1588 705 1679 ὕδωρ
730 1607 792 1661 etc.
818 1604 929 1662 orator
951 1597 1150 1678 reliquorum
1181 1587 1362 1663 vicinorum

183 1705 347 1770 nemiuem
386 1712 598 1785 conquestum
634 1723 708 1770 esse
756 1706 900 1782 exponit.
949 1706 1078 1770 Deinde
1109 1705 1218 1772 sribitu
1251 1705 1363 1770 verbis

183 1805 281 1874 δ’καὶ
305 1807 444 1874 πάντων
479 1819 543 1877 etc.
577 1810 713 1877 affertur
747 1830 865 1878 nerum
907 1819 1133 1894 argumentum
1180 1812 1363 1891 (Calliclem

183 1899 290 2000 ipsam
331 1937 460 2000 quoque
500 1937 626 1984 murum
666 1919 881 2000 aedificasse),
923 1921 963 1984 de
1003 1939 1066 2000 qaae
1106 1921 1192 1986 infra
1234 1919 1360 1984 demum

184 2027 214 2108 (ξ
240 2031 387 2106 28-30)
423 2027 609 2091 accuratius
645 2027 841 2106 disputator.
897 2027 1015 2093 Verbis
1052 2037 1161 2093 autem
1198 2029 1306 2089 καίτοι
1335 2023 1366 2088 εἰ

184 2124 256 2195 ὅσοι
294 2133 400 2197 oratio
434 2134 521 2198 redit
556 2134 598 2198 ad
621 2133 758 2218 vicinos
795 2135 880 2199 unde
916 2135 1070 2218 devertit,
1107 2135 1210 2198 itaut
1245 2134 1364 2200 omisso

184 2240 358 2305 enuntiato
394 2241 452 2304 illo
477 2233 496 2300 ii
519 2240 574 2302 καὶ
598 2277 641 2284 -
672 2237 782 2325 εἴληχε
806 2240 899 2325 δίκην
927 2241 1007 2306 nihil
1037 2240 1364 2322 desidet·aremus**).

184 2349 305 2428 ltaque
341 2349 402 2412 hoc
442 2349 516 2413 loco
552 2349 615 2412 duo
654 2357 848 2430 argumenta
889 2368 907 2413 a
943 2349 1104 2429 scriptore
1137 2348 1361 2429 dispositionis

184 2456 350 2520 dilucidae
374 2455 489 2537 ignaro
514 2455 649 2521 confusa·
674 2466 760 2521 suat.

295 2563 390 2647 Quod
432 2562 579 2629 Blassius
619 2565 660 2645 (p.
701 2571 764 2628 225
805 2583 878 2630 ann.
917 2563 951 2646 5)
990 2571 1100 2630 monet
1139 2566 1243 2630 verba
1278 2562 1360 2650 §21

183 2664 400 2740 πεπονθότες
423 2669 487 2748 μὲν
511 2662 614 2749 οὐδέν,
639 2664 680 2742 ὠς
710 2667 828 2734 αὐτίκα
852 2665 932 2751 ὑμῖν
967 2667 1027 2752 ἐγώ
1068 2673 1177 2754 σαφεῖς
1210 2663 1360 2745 ἐπιδείξω

183 2787 338 2858 spectare
362 2779 403 2842 ad
420 2797 469 2862 ea,
496 2797 581 2858 quae
606 2779 639 2843 in
657 2777 676 2864 ξ
694 2785 735 2843 23
761 2781 887 2845 demum
914 2780 1102 2845 accuratius
1132 2781 1362 2864 explanantur,

181 2885 243 2950 hoc
268 2905 334 2949 non
358 2886 404 2948 ita
428 2904 531 2966 grave
556 2887 672 2952 vitiam
698 2887 824 2953 ducam.
862 2888 969 2970 Magis
994 2889 1027 2952 in
1053 2907 1090 2953 eo
1115 2886 1251 2972 offendo,
1278 2889 1363 2968 qrrod

182 2992 214 3056 in
241 2993 358 3057 eadem
383 2995 589 3074 paragrapho
613 2995 725 3060 verbis
750 2979 843 3057 οὗτοι
866 2989 930 3074 μὲν
954 2988 1015 3077 γὰρ
1040 2989 1072 3058 εἰ
1094 2997 1152 3056 aot
1171 3019 1204 3057 ιι
1229 2991 1361 3057 πεπόν-

182 3101 286 3161 θασιν
311 3095 423 3164 orator
442 3091 521 3164 'iam
558 3103 677 3166 transit
701 3103 743 3167 ad
764 3121 883 3168 novum
909 3109 1148 3186 argumentum,
1171 3103 1360 3183 priusquam

181 3207 376 3272 testimonia
411 3207 602 3289 vicinorum,
632 3207 675 3274 ‘dc
712 3211 830 3290 quibus
856 3217 954 3275 antea
986 3211 1106 3275 dictum
1139 3219 1200 3294 est,
1235 3209 1361 3289 prolata

169 3321 272 3408 sunt.
322 3315 442 3394 ltaque
478 3335 569 3380 suam
606 3318 785 3382 orationem
821 3318 1032 3399 interrumpit
1067 3318 1179 3383 verbis
1210 3311 1279 3379 ἄλλ’
1306 3315 1361 3378 ἵνα

180 3416 226 3504 μὴ
251 3414 434 3500 πάνθ’ἅμα
457 3419 655 3505 σννιαρόξας
684 3419 776 3504 λέγει’,
802 3426 919 3505 quibus
944 3427 1259 3507 argumentationem
1286 3444 1360 3490 con·

180 3529 291 3594 fusam
319 3547 394 3595 esse
430 3529 502 3610 ipsc
527 3532 711 3597 concedens
735 3533 779 3616 vi,
807 3539 841 3596 ut
867 3533 912 3596 ita
938 3533 1054 3616 dicam,
1081 3533 1360 3612 perturbationem

179 3635 344 3701 orationis
385 3639 496 3703 solvit.
566 3639 853 3732 Dissplutissimus
893 3640 976 3704 caim
1017 3649 1068 3705 est
1107 3642 1185 3705 ordo
1226 3642 1257 3704 ia
1298 3641 1360 3704 bac

178 3746 402 3828 paragrapho,
438 3746 473 3809 in
509 3763 572 3824 qua
609 3747 673 3810 tria
709 3754 903 3829 argumenta
939 3747 1069 3813 diversa
1105 3749 1359 3812 confunduntur.

177 3849 331 3915 Primum
368 3860 433 3917 est:
472 3861 694 3918 accusatorem
732 3857 858 3919 nullum
895 3856 965 3920 fere
1004 3856 1153 3919 damnum
1181 3856 1359 3939 accepisse,

178 3959 346 4024 alterum:
380 3960 579 4039 reliquorum
616 3961 797 4026 vicinorum
835 3949 998 4028 nemmem
1031 3969 1243 4042 conquestum
1275 3981 1358 4040 esse,

177 4063 334 4130 tertium:
361 4083 421 4130 sua
444 4065 549 4146 ipsius
574 4068 668 4148 calpa
693 4079 916 4133 accusatorem
942 4069 1092 4134 damnum
1120 4069 1293 4149 ariacepisse.

179 4191 398 4198 ..-.--—————.

242 4221 273 4286 *)
293 4221 383 4276 Verba
401 4223 429 4276 in
449 4229 526 4277 textu
545 4225 687 4278 intervallo
706 4225 898 4294 distinguenda
917 4241 975 4280 esse
993 4242 1070 4280 nemo
1089 4227 1220 4281 editorum
1241 4228 1317 4282 vidit.

224 4310 273 4376 **)
293 4311 422 4366 Fortasse
441 4312 521 4366 inseri
541 4322 654 4380 possunt
673 4316 738 4368 liaeo
758 4314 839 4368 rerba
858 4315 956 4383 in§29
969 4316 1041 4369 inter
1055 4316 1136 4370 verba
1153 4339 1358 4390 προσσνκοφιιν-

293 4401 386 4457 rodaco
404 4410 432 4456 et
459 4406 547 4457 καίτοι
579 4391 599 4456 ὦ
633 4407 805 4472 Καλλίκλεις,
836 4421 888 4471 quo
916 4406 974 4460 locu
1006 4422 1112 4460 sonsum
1141 4406 1279 4474 praebent.
1305 4406 1357 4461 Sed

293 4491 404 4559 gravior
422 4497 449 4546 et
469 4492 513 4545 vix
532 4492 666 4547 credibilis
684 4509 725 4548 est
745 4496 809 4549 talis
828 4497 988 4564 corruptela.
