3254 4998
651 398 871 460 „31-

175 583 311 670 ὁμολογ.
338 584 406 652 ὑπό
430 599 557 658 utatur:
582 590 677 672 XVI,
703 601 731 660 3.
755 590 883 674 XVIII,
910 597 981 658 251.
1029 595 1070 659 Iu
1093 593 1235 675 scriptis
1273 612 1356 674 quae

175 699 395 778 supposititia
425 708 593 782 putentur,
625 694 695 764 ὑπό
723 702 861 782 legitur:
887 697 1049 786 [XXIXL
1081 704 1135 765 44.
1164 697 1356 786 [XXXIVI

175 810 228 868 47.
268 801 390 891 [me
432 813 483 872 24.
521 804 690 892 [prooem]
717 811 747 884 8,
787 802 880 889 παρά
916 808 1057 888 postium
1083 814 1132 872 est
1159 803 1279 894 [XLII
1306 813 1355 870 at.

176 907 336 997 [XLIIIL
363 918 391 977 3.
420 909 534 998 inuh,
567 921 615 978 37.
656 911 805 1000 [nullut
849 921 897 978 li.
945 915 1053 978 Etiam
1089 914 1175 995 aliud
1211 915 1355 993 reliquos

176 1026 324 1086 oratores
350 1029 491 1100 utraque
515 1024 714 1087 constructio
740 1022 954 1103 invenitur*).

284 1130 302 1206 ἓ
328 1136 346 1206 h
376 1122 508 1191 Τούτου
528 1122 743 1212 ὑπάρχοντος.
769 1126 788 1214 ξ
816 1129 856 1192 14
878 1125 1004 1191 τούτων
1034 1122 1259 1211 ὐπαρχόντων,
1293 1129 1356 1193 Pro

175 1237 236 1299 hac
277 1237 488 1301 transitionis
528 1234 683 1316 formula,
726 1255 821 1317 quam
865 1243 1038 1316 praetereo
1083 1238 1181 1302 semel
1225 1236 1357 1302 exhibet

177 1342 299 1423 Lysias
335 1339 432 1424 XIX,
471 1349 521 1423 it,
559 1345 794 1408 Demosthenes
818 1329 946 1422 semper
971 1343 1087 1410 scribit
1109 1338 1235 1405 coriaco
1259 1335 1358 1412 οὕτως

175 1443 336 1528 exorreo:
362 1450 400 1532 V,
428 1457 455 1514 3.
491 1448 620 1534 XVIII,
648 1457 722 1532 250,
751 1457 824 1515 315.
858 1448 956 1527 XIX,
984 1456 1046 1516 280
1072 1469 1160 1530 saep.
1192 1450 1270 1514 hou.
1298 1451 1355 1513 loc.

176 1557 357 1636 Spiekerus
381 1557 413 1621 in
439 1566 607 1622 comment.
631 1558 716 1623 laud.
743 1579 771 1638 p.
797 1565 869 1623 339.

283 1664 302 1746 ξ
330 1671 367 1728 15
391 1643 454 1747 Ἆρ’
477 1657 557 1744 ὑμῖν
581 1665 740 1730 δοκοῦσιν.
789 1664 1020 1732 Offenuondurn
1054 1674 1105 1730 est
1139 1665 1172 1730 in
1198 1683 1245 1747 eo,
1271 1663 1356 1744 quod

177 1771 217 1836 ari
242 1756 307 1854 ἆρα
331 1790 394 1836 non
421 1778 472 1838 est
497 1772 609 1836 addita
634 1774 764 1854 negatio
796 1766 845 1840 οὗ.
893 1775 973 1838 Num
1008 1791 1134 1853 semper
1164 1775 1230 1836 t'era
1262 1755 1355 1854 ἆρόὕ

179 1889 358 1959 usurpatur
382 1881 416 1944 In
441 1879 755 1961 interrogationibus
779 1881 961 1963 rhetoricis,
986 1893 1071 1960 'quiue
1096 1898 1153 1959 pro
1183 1879 1355 1944 enuntiato

178 1985 379 2051 affirmativo
405 1988 531 2068 positae
554 1995 640 2070 sunt,
667 1989 714 2070 (ι,
728 1989 859 2069 nonne),
887 1997 922 2052 ut
945 1989 1005 2052 hoc
1028 1989 1108 2070 Ioco,
1134 2005 1232 2078 mera
1247 1993 1354 2049 autem

178 2093 283 2173 partic
317 2072 381 2174 ἆρα
406 2102 462 2158 aut
486 2095 729 2174 responsionem
746 2095 931 2177 negativam
953 2093 1094 2176 flagitat,
1121 2092 1281 2176 (=nutn),
1299 2101 1357 2156 aut

178 2199 356 2264 adhibetur
380 2201 413 2264 In
437 2201 750 2283 interrogationibus
775 2202 925 2283 propriis
951 2202 1069 2281 quihus
1086 2201 1167 2281 ipsis
1188 2201 1356 2279 responsio

179 2307 317 2371 noudum
363 2307 558 2372 continetur.
619 2309 853 2374 Demosthenes
893 2311 976 2374 hauc
1016 2309 1163 2388 regulam
1204 2312 1356 2371 accurate

179 2415 342 2496 observat,
369 2433 409 2480 ex
439 2413 658 2496 Xenophonte
687 2417 818 2496 quidem
850 2416 1030 2498 Sandysius
1054 2416 1233 2494 exemplum
1260 2414 1356 2479 affert

178 2521 265 2604 (Dyr.
291 2522 348 2605 IV,
376 2530 406 2598 6,
430 2523 477 2605 4),
504 2523 587 2603 qurod
613 2523 753 2588 eundum
777 2542 869 2588 usum
895 2524 1040 2606 praebet,
1066 2531 1163 2602 atque
1187 2524 1241 2587 hic
1256 2523 1355 2587 locus.

285 2627 304 2714 ξ
334 2636 370 2693 17
398 2631 505 2695 Verbo
530 2626 734 2710 εἰσδέχεσθαι
759 2650 829 2696 cum
855 2632 987 2696 notione
1010 2630 1191 2710 recipiendi
1220 2631 1354 2694 Demos·

175 2738 290 2802 thenes
327 2755 391 2802 non
427 2738 538 2802 utitem.
588 2739 683 2803 Hanc
719 2739 991 2820 significationem
1029 2738 1113 2818 apud
1150 2756 1222 2802 oum
1258 2738 1354 2802 hahet

175 2847 313 2910 verbum
351 2837 584 2922 ὑποδέχεσθαι,
614 2854 649 2909 ut
679 2845 704 2928 I,
731 2853 760 2910 5.
797 2844 895 2911 XIX.
927 2853 977 2928 73,
1005 2851 1056 2921 74.
1084 2851 1146 2910 333
1173 2852 1244 2926 etc,
1270 2845 1353 2924 quod

176 2952 193 3033 ξ
220 2958 259 3016 19
286 2952 457 3030 orationis,
481 2971 575 3032 quam
601 2959 791 3035 tractamus
817 2955 903 3020 idem
924 2955 1012 3018 vaiet
1030 2961 1129 3033 atque
1145 2951 1354 3034 excipereV‘).

284 3055 371 3142 §18
403 3051 513 3121 Ὅπου
553 3058 588 3122 δὲ
626 3056 719 3143 μήτε.
768 3061 962 3128 Gebauerus
1002 3063 1045 3141 (p.
1072 3066 1125 3141 ot)
1165 3063 1198 3126 tn
1235 3062 1356 3126 talibus

178 3167 360 3231 enuntietis
377 3185 435 3246 per
452 3186 563 3232 vocem
580 3160 668 3231 ὅπου
685 3169 791 3234 illatis
809 3170 1013 3249 negationem
1028 3169 1168 3234 inveniri
1183 3175 1355 3249 utramque

180 3281 215 3337 et
235 3267 275 3335 οὗ
300 3282 335 3338 et
360 3268 408 3356 μή
431 3272 531 3339 docet.
571 3270 635 3360 Μή
657 3277 846 3356 plerumque
870 3277 1017 3342 adhiberi
1042 3283 1189 3358 apparet,
1215 3277 1243 3340 si
1269 3269 1354 3337 ὅπου

178 3399 240 3446 non
278 3392 345 3445 tam
381 3383 555 3464 causalem,
595 3402 690 3464 quam
729 3384 978 3448 conditIonalem
1009 3385 1073 3450 vitu
1098 3386 1209 3466 habet,
1235 3391 1272 3447 ut
1297 3385 1355 3448 hoc

175 3489 256 3554 ioco.
305 3489 541 3555 Demosthenes
565 3502 673 3556 autom
699 3491 751 3558 uel
775 3491 807 3555 in
824 3491 1045 3572 hypotheticis
1062 3491 1241 3556 enuntiatis
1259 3492 1355 3556 huius

171 3595 262 3661 modi
287 3615 416 3676 semper
438 3598 615 3679 negatione
640 3590 679 3660 οὔ
703 3600 818 3679 utitur,
842 3607 878 3664 ut
901 3596 1000 3680 XXI,
1019 3606 1047 3669 9,
1067 3603 1142 3669 205.
1167 3597 1282 3679 XXII,
1305 3605 1354 3661 it.

285 3700 305 3787 ξ
333 3709 371 3766 19
397 3696 467 3766 'rioci
492 3696 605 3787 χᾶτερ’
628 3701 710 3768 ἄττα
730 3709 794 3768 τῶν
818 3708 953 3788 χωρίων.
1001 3707 1208 3786 Praepositio
1236 3697 1304 3768 οἷνά
1327 3726 1353 3769 e.

170 3830 244 3876 acc.
272 3818 404 3890 praeter
429 3813 514 3876 hunc
537 3813 640 3878 lucum
666 3815 700 3878 In
724 3833 857 3895 corpore
881 3821 1043 3878 oratorum
1071 3816 1252 3880 AttIcorum
1290 3833 1354 3879 non

169 3917 355 3998 iuvenitur,
381 3919 443 3983 nisi
468 3921 588 3985 Antioc.
612 3921 639 4003 I,
666 3920 789 4001 38***).

237 4041 264 4107 *)
286 4039 326 4094 Gi.
345 4040 414 4108 Rau,
435 4041 474 4094 De
502 4058 623 4110 praepos
651 4038 727 4119 παραΙ
754 4060 804 4098 usu
835 4045 862 4107 ti.
881 4044 998 4098 Curtius'
1027 4045 1138 4098 Studien
1164 4063 1188 4099 a.
1207 4045 1308 4112 grieeh.
1327 4061 1353 4098 u.

234 4199 236 4204 Ι
287 4130 335 4183 let.
356 4131 485 4198 Graium.)
504 4147 530 4198 p.
550 4133 594 4186 27.

220 4219 264 4289 **)
285 4219 326 4273 Of.
345 4219 461 4288 Windel,
482 4221 521 4275 De
540 4223 660 4276 oratione
681 4239 749 4289 quae
768 4229 810 4276 est
828 4224 899 4277 iuter
918 4224 1139 4278 Demosthenicum
1152 4225 1239 4279 XVII.
1258 4225 1352 4292 Progr.

287 4309 373 4364 Schol.
392 4310 487 4365 Thour.
507 4312 576 4366 1882
594 4329 620 4379 p.
639 4316 665 4366 9.

204 4397 266 4463 ***)
287 4398 326 4451 DI.
345 4399 424 4468 Luta,
444 4400 559 4469 Ailgam.
589 4403 733 4456 Beohaoht.
761 4403 843 4458 ueber
870 4404 894 4456 d.
914 4404 1041 4472 Praepos.
1061 4404 1085 4458 b.
1105 4404 1130 4457 d.
1150 4410 1200 4459 att.
1219 4405 1352 4460 Rednern.

287 4488 358 4543 Dies.
377 4489 503 4546 Wuerzb.
524 4493 592 4547 1883
611 4509 636 4563 p.
657 4494 698 4546 12.
