3254 4998
777 374 998 436 -36-

304 567 507 634 orationibus
543 586 600 647 pro
636 568 831 634 Phormione
866 566 1050 651 (XXXVI)
1081 578 1114 634 et
1138 568 1296 634 adversus
1320 567 1484 634 Cononem

305 673 410 754 (LIV)
435 674 500 744 ullo
526 675 594 738 loco
612 682 722 739 orator
738 675 948 741 severitatem
966 674 1136 759 deponit*)
1162 685 1195 740 ct
1211 673 1340 740 facetiis
1358 675 1484 740 talibus

306 781 420 863 utitur,
457 782 609 862 qualibus
645 782 787 863 scriptor
823 783 1004 848 Callicleee.
1052 783 1119 846 lom
1158 801 1244 864 vero,
1282 800 1322 846 ne
1353 781 1486 862 longius

305 906 492 970 evagemur,
529 889 701 954 redeamus
736 889 777 953 ad
802 909 840 954 ee
864 888 1047 968 tractanda,
1073 907 1156 969 quae
1180 889 1221 953 ed
1245 888 1484 954 sententiarum

305 994 428 1076 figuras
453 997 625 1076 portinent.

412 1103 577 1183 Sequitur,
615 1110 651 1168 ut
687 1113 937 1184 perscrutemur,
975 1105 1133 1184 quomodo
1173 1110 1283 1170 orator
1321 1123 1401 1174 usus
1438 1105 1484 1170 sit

305 1210 569 1275 invocationibus
613 1211 753 1276 deorum.
808 1210 900 1294 Quae
937 1220 1009 1276 octo
1046 1212 1125 1276 iocis
1162 1218 1340 1292 usurpatae
1387 1218 1482 1278 sunt:
1588 1285 1589 1292 ,

305 1314 377 1401 56,
403 1315 422 1401 ξ
451 1324 487 1381 17
514 1310 553 1401 νὴ
578 1319 642 1381 Δία
678 1319 749 1401 §Q
775 1316 793 1403 ξ
819 1325 859 1384 35
885 1313 970 1401 πρὸς
992 1313 1149 1389 Athenai
1173 1321 1262 1381 {teon
1298 1315 1316 1404 ξ
1347 1313 1485 1404 terroris
1588 1309 1589 1386 i

303 1420 381 1494 Διός
423 1424 465 1489 ih.
489 1419 575 1508 πρὸς
590 1427 679 1488 θεῶν
702 1422 722 1510 ξ
747 1432 787 1490 26
812 1419 859 1504 poi
884 1428 949 1488 Δία
973 1423 992 1510 ξ
1018 1432 1058 1490 28
1084 1406 1108 1488 ὦ
1132 1428 1169 1508 γῆ
1194 1427 1250 1487 καὶ
1273 1427 1360 1488 θεοί.
1408 1427 1481 1492 Hae

304 1529 463 1596 formulae
498 1532 590 1611 ipseo
625 1531 833 1598 offensionem
869 1551 932 1597 non
969 1535 1126 1612 praebent
1150 1541 1281 1613 praeter
1304 1532 1482 1616 longiorem

304 1637 394 1702 iilam
418 1640 491 1717 §28
516 1623 592 1723 ὦγῆ
615 1639 670 1700 καὶ
695 1641 781 1714 θεοί,
806 1635 889 1719 queo
913 1650 942 1704 ct
970 1639 1125 1705 edilium
1153 1641 1255 1704 iocum
1281 1639 1387 1705 minus
1404 1649 1482 1720 apta

304 1757 355 1810 est
379 1763 484 1826 neque
517 1743 682 1826 reperitur
716 1746 803 1826 apud
839 1747 1100 1828 Demosthenem,
1132 1748 1193 1812 nisi
1219 1747 1253 1810 in
1277 1748 1479 1812 orationihus

306 1851 507 1934 puhlicis**).
556 1853 700 1918 Gravius
737 1873 813 1918 vcro
844 1852 1069 1919 offendentem
1109 1862 1160 1919 est
1193 1854 1226 1918 in
1251 1854 1349 1918 nimie
1372 1854 1479 1916 mutti-

306 1959 419 2025 tudine
454 1961 567 2025 harum
603 1959 815 2025 formularum
851 1963 937 2040 (octo
967 1961 999 2025 in
1028 1958 1166 2024 XXXV
1198 1959 1260 2046 ἕξ),
1293 1962 1332 2025 tie
1359 1977 1421 2039 qua
1443 1979 1477 2025 re
1589 2011 1590 2014 ,

305 2075 393 2132 recte
432 2067 672 2134 Kuehnleinius
712 2068 745 2152 (i.
770 2070 789 2134 i.
815 2089 843 2150 p.
870 2071 924 2149 75)
965 2069 1059 2134 dicit:
1121 2069 1208 2152 „Hic
1246 2068 1375 2132 iurandi
1415 2065 1477 2132 ior-

307 2174 466 2239 mularum
492 2193 646 2241 numerus
672 2177 774 2241 maior
793 2185 858 2262 est,
884 2194 979 2257 quem
1005 2196 1062 2258 pro
1087 2177 1243 2241 orationis
1266 2175 1476 2257 exiguitate.“

306 2281 483 2347 Praeterea
507 2281 648 2348 ciusdem
675 2286 774 2349 verba
799 2286 843 2365 (p.
870 2283 926 2366 73)
951 2284 991 2350 de
1015 2285 1162 2349 oratione
1187 2279 1381 2367 [XXXIX],
1399 2300 1481 2364 quoe

307 2389 338 2452 in
366 2389 424 2454 LV
448 2407 576 2472 quoque
601 2392 777 2457 orationem
796 2392 917 2473 optime
934 2392 1105 2475 quadrant,
1132 2390 1248 2457 efferre
1269 2391 1345 2455 mihi
1368 2390 1480 2456 liceat:

308 2495 367 2578 „Iu
393 2499 454 2564 hoc
478 2499 671 2564 brevissima
697 2499 843 2564 oratione
867 2535 908 2546 -
935 2500 1034 2564 nimie
1059 2514 1157 2580 atque
1181 2499 1326 2564 insolens
1350 2497 1479 2562 iurandi
1591 2493 1592 2496 ’

307 2607 517 2674 formularum
543 2604 730 2686 frequentia
753 2605 923 2671 admodum
949 2606 1092 2671 offendit.
1128 2607 1208 2671 Nem
1234 2606 1481 2690 Demosthenes,

307 2715 456 2795 quamvis
481 2732 590 2778 oerum
617 2732 675 2778 usu
700 2713 818 2778 ceteris
843 2714 1026 2778 oratoribus
1051 2715 1199 2796 exceliat,
1225 2719 1333 2778 tamen
1359 2721 1481 2778 eertum

307 2822 440 2890 adhibet
465 2821 602 2902 modum,
627 2820 711 2900 quod
737 2840 800 2885 nou
825 2821 931 2885 minus
955 2839 995 2885 eu
1011 2821 1150 2901 puhlicis
1167 2821 1370 2885 orationihus
1384 2837 1481 2900 quum

307 2929 456 3010 privetis
483 2945 564 3009 quas
599 2928 688 2992 illius
723 2945 794 2993 csse
829 2936 967 3010 constat,
1004 2929 1096 2993 velut
1122 2948 1179 3008 pro
1203 2926 1482 3012 Phormione***),

306 3045 418 3101 contra
443 3035 643 3120 Cononerr§),
669 3035 825 3100 adversus
843 3032 1146 3120 Pantaenetum§§)
1176 3034 1272 3100 facile
1297 3053 1483 3117 cognoscas.

306 3181 350 3190 —
374 3143 603 3208 Demosthenis
619 3161 697 3208 vero
713 3143 895 3208 imitatores
911 3143 944 3207 in
963 3143 1084 3208 talibus
1100 3146 1199 3207 nehus
1215 3142 1336 3208 iustum
1353 3141 1482 3207 modum

306 3260 427 3316 temere
443 3259 665 3330 transgressos
681 3269 761 3334 esse,
779 3251 890 3331 spuria
907 3249 964 3314 illa
980 3251 1084 3315 oratio
1101 3257 1213 3315 contre
1224 3250 1482 3331 Aristogitonem

307 3359 389 3424 satis
412 3374 574 3439 superque
599 3354 776 3423 decla1·at.“

414 3463 624 3551 ludices§§§)
660 3474 771 3530 erutor
805 3467 906 3531 semel
940 3472 974 3531 et
1008 3467 1109 3532 vicies
1142 3466 1335 3548 alloquitur,
1368 3465 1483 3531 novies

489 3593 519 3600 -ο-

369 3641 395 3706 *)
416 3641 505 3695 Peene
533 3643 622 3694 iocosa
641 3647 682 3695 est
701 3641 831 3695 severitas
866 3641 921 3708 ille,
947 3657 1059 3711 quacum
1080 3641 1191 3694 Ariston
1210 3640 1239 3693 in
1258 3641 1384 3694 Uonones
1408 3642 1435 3710 (ξ
1454 3641 1482 3708 9)

414 3739 446 3784 ut
474 3732 645 3786 insolentiam
682 3731 830 3786 adversarii
869 3731 1010 3800 depinget,
1039 3746 1097 3784 eum
1127 3730 1231 3799 gallum
1259 3730 1396 3784 imitatum
1425 3745 1481 3784 esse

415 3823 543 3889 queritur.

352 3911 393 3982 **)
413 3913 452 3967 ct.
473 3911 680 3966 Kuehnleinium
700 3913 728 3965 in
747 3927 837 3979 progr.
856 3911 874 3965 l.
893 3927 919 3977 p.
939 3913 982 3964 25.

335 4001 392 4067 ***)
413 4001 535 4068 Quinque
553 4002 681 4068 exemplo.

385 4096 394 4157 )
414 4093 464 4146 Sex
483 4093 610 4159 exemplo.

351 4092 395 4250 ἐξ)
416 4181 551 4248 Quattuor
569 4183 697 4249 exemplo.

337 4271 397 4340 ἓξὲ)
417 4271 456 4324 ct.
477 4271 642 4340 Schwebsch,
662 4272 702 4325 De
722 4271 851 4338 oratione,
871 4287 939 4338 quac
959 4278 1052 4323 contre
1072 4270 1233 4323 Leochurcrn
1262 4286 1278 4322 a
1303 4268 1486 4322 Demosthene

415 4362 515 4432 scripte
533 4360 628 4415 fertur.
666 4361 736 4415 Diss.
756 4361 842 4414 Borol.
865 4363 934 4415 1878
951 4377 977 4428 p.
997 4361 1032 4414 69
1051 4375 1089 4425 sq.
