3254 4998
639 415 861 482 ..27-

155 611 304 678 futurum
330 611 475 692 flagitari
501 613 602 692 primo
626 614 742 678 obtutu
767 612 1016 682 intellexissent.
1055 615 1196 696 Fugisse
1227 620 1334 681 autem

154 719 337 784 Graeculos
361 719 435 784 illos
468 719 646 800 permultas
677 720 807 802 formas,
832 721 864 784 in
891 720 1008 800 quibus
1032 718 1179 786 futurum
1205 721 1335 786 delites-

153 845 228 890 cere
254 827 361 896 miuus
384 824 595 892 manifestum
619 824 745 892 fuisset.
787 827 860 892 Huc
885 827 1050 908 pertinent
1074 835 1205 908 praeter
1230 830 1333 894 locum

153 933 253 998 huius
279 934 438 998 orationis
462 951 502 997 ex
525 933 745 1000 Demosthene
770 935 847 1016 V‚8
872 931 1012 1012 ἐγκαλεῖ,
1038 933 1129 1016 VIII,
1162 941 1198 1000 14
1223 956 1334 1017 παρα-

153 1040 281 1114 καλεῖν,
317 1040 394 1121 ΧΧ,
432 1047 450 1102 5
486 1039 720 1123 προκαλεῖσθε.
755 1041 849 1124 XXI,
886 1039 1073 1117 119,“167.
1109 1042 1233 1121 XXIV,
1265 1050 1333 1108 159.

152 1148 273 1227 Itaque
309 1147 456 1212 omnibns
491 1148 571 1212 locis
606 1147 741 1213 formam
777 1155 976 1213 contractam
1002 1149 1238 1216 restituendam
1263 1169 1334 1216 esse

153 1255 453 1335 probabilissimum
486 1262 546 1338 est,
572 1257 765 1336 praesertim
790 1275 861 1322 cnm
887 1258 966 1322 haec
991 1257 1176 1322 coniectura
1200 1258 1335 1339 inscrip-

152 1362 300 1426 tionibus
339 1359 508 1428 fulciatur.
556 1363 944 1443 Meisterhansius*)
978 1364 1063 1428 enim
1100 1363 1235 1430 formam
1261 1384 1331 1431 cum

152 1485 191 1531 εσ
211 1469 244 1532 in
271 1469 543 1549 inscriptionibus
574 1475 651 1537 cute
674 1472 835 1535 saeculnm
862 1471 1036 1536 secundnm
1063 1491 1093 1536 a.
1118 1472 1191 1537 Chr.
1215 1493 1244 1537 n.
1269 1491 1334 1536 non

152 1576 296 1642 inveniri
321 1576 424 1641 docet.
470 1577 587 1656 ltaque
612 1577 664 1642 hio
687 1578 777 1642 locns
801 1579 884 1644 nihil
907 1579 1006 1644 habet
1031 1579 1226 1645 offensionis.
1397 1658 1398 1662 ρ

260 1680 279 1767 ξ
305 1689 346 1747 32
372 1678 462 1766 Πρὸς
487 1678 582 1767 ἕτερα
597 1687 699 1767 χωρία
724 1679 954 1765 ἀλλαξάμενος.
979 1687 1215 1752 Demosthenes
1232 1689 1333 1753 verbo

150 1791 290 1872 simplici
303 1809 368 1855 non
382 1792 496 1873 utitur,
520 1793 652 1873 saepius
664 1793 851 1874 composito,
864 1801 901 1858 ut
914 1795 970 1877 Vl,
988 1801 1026 1858 10
1045 1788 1121 1880 μηδ’
1148 1785 1331 1858 αἀιαλλαὶι-

150 1901 271 1961 σεσθαι
303 1898 468 1982 μηδεμιᾶς
498 1893 631 1982 χαὶριτας
654 1890 734 1985 μηδ’
757 1891 915 1982 ω’φελείας
936 1896 997 1984 τὴν
1013 1897 1059 1972 εἰς
1082 1895 1158 1973 τούς
1174 1894 1333 1988 Ἕλληνας

151 2001 297 2080 εὔνοιαν,
324 2023 418 2086 quem
443 2007 547 2071 locum
572 2007 720 2073 imitatus
744 2017 795 2072 est
818 2009 857 2083 is,
875 2008 930 2090 qui
944 2010 1138 2090 conscripsit
1153 2007 1229 2096 [ep]
1243 2010 1287 2092 Il,
1303 2017 1330 2075 6.

151 2113 331 2180 Praeterea
356 2112 395 2178 cf.
428 2113 520 2197 XVI,
547 2121 564 2178 5
600 2108 886 2178 ἀπαλλάττεσθαι
927 2117 1215 2196 Λακεδαιμονίους
1257 2111 1332 2181 ἀντὶ

154 2222 319 2303 Θηβαίων.
367 2221 479 2301 Neque
514 2222 653 2302 simplex
687 2239 791 2302 neque
830 2223 1041 2303 compositum
1074 2226 1210 2289 verbum
1242 2225 1329 2306 apud

151 2329 290 2409 optimos
323 2328 500 2408 scriptores
536 2329 663 2394 Atticos
699 2349 770 2394 cum
807 2347 954 2410 praepos.
983 2324 1141 2413 nocant
1166 2333 1329 2414 hocloco,

151 2437 360 2501 coniunctum
385 2436 524 2516 repperi.
565 2436 629 2502 Sed
653 2435 794 2502 fortasse
819 2437 958 2516 simplex
983 2439 1116 2503 verbum
1142 2457 1212 2503 cum
1238 2457 1329 2519 prae·

149 2562 217 2622 pos.
242 2538 329 2624 πρός
354 2543 392 2607 de
417 2544 655 2622 permutatione
679 2550 871 2625 usurpatum
896 2545 1060 2626 proprium
1078 2553 1151 2612 erat
1171 2547 1329 2611 sermonis

149 2651 327 2715 iudicialis.

258 2757 417 2823 Similiter
449 2777 489 2822 ex
523 2777 670 2824 sermone
702 2759 846 2824 iudiciali
880 2767 1010 2841 sumpta
1039 2768 1116 2825 sunt
1139 2763 1240 2826 verba
1264 2759 1283 2846 ξ
1308 2768 1328 2826 4

148 2859 447 2948 διαμαρτύρεσθαι,
484 2867 567 2946 quod
600 2867 752 2931 hocloco
778 2869 817 2933 de
841 2868 1045 2932 invocatione
1070 2869 1214 2951 testium,
1241 2869 1327 2950 apud

149 2974 401 3038 Demosthenem
435 2975 566 3054 saepius
596 2974 661 3039 elio
693 2993 790 3040 sensu
817 2983 996 3055 usurpatur
1020 2975 1100 3056 (vid.
1124 2976 1235 3042 Reisk.
1261 2976 1327 3041 ind.

147 3099 172 3145 s.
197 3082 255 3162 u),
282 3090 316 3144 et
340 3077 358 3166 ξ
385 3089 400 3143 7
428 3076 786 3165 ἐπιμαρτύρεσθαι**).

256 3189 353 3254 Aliae
391 3189 533 3270 denique
580 3189 822 3270 discrepantiae
866 3192 1004 3256 leviores
1039 3199 1117 3256 sunt
1159 3199 1193 3257 et
1235 3193 1326 3257 casui

147 3295 250 3360 trihni
277 3302 434 3376 possunt:

255 3407 274 3483 ξ
303 3409 315 3467 l
340 3395 410 3480 Οὐκ
435 3390 475 3488 ἣν
499 3401 574 3489 ἄρα.
630 3405 859 3487 Imperfectum
892 3426 965 3472 cnm
999 3400 1058 3469 οὐκ
1082 3402 1158 3489 ἄρα,
1184 3407 1237 3486 (de
1261 3425 1324 3488 quo

144 3531 207 3576 usu
243 3510 284 3576 cl.
319 3511 446 3578 Kuchn.
483 3533 619 3596 gramm.
645 3514 677 3578 ll
702 3511 720 3600 ξ
746 3520 820 3594 383,
847 3517 881 3596 5)
905 3517 946 3578 ab
971 3515 1156 3580 oratoribus
1179 3514 1236 3579 vix
1261 3515 1325 3580 alio

141 3620 217 3684 loco
243 3628 431 3700 usurpatur.

145 3725 361 3733 .—-—.—-—-

208 3777 235 3843 *)
257 3778 374 3833 Gramm.
393 3778 418 3832 d.
438 3785 489 3832 att.
509 3780 611 3834 Inschr.
630 3798 655 3849 p.
679 3782 736 3835 143.

192 3867 237 3935 ⁴²⁴¹)
257 3867 297 3921 Gt.
318 3867 705 3939 llcier-Schoemann-Lipsius‚
725 3870 985 3924 AttisrherProcess
1003 3887 1029 3938 p.
1048 3870 1117 3924 875:
1146 3867 1196 3922 Die
1214 3869 1324 3922 Herbei·

255 3957 357 4027 rufung
376 3975 400 4011 u.
423 3957 625 4028 Arrfforderung
652 3961 700 4014 der
727 3959 938 4025 Umsteheudcn,
968 3959 1059 4028 Zenge
1079 3959 1120 4012 bei
1139 3958 1213 4012 einer
1232 3958 1323 4011 Hand·

254 4047 322 4116 lung
349 4065 383 4101 zu
412 4049 477 4115 sein,
510 4049 651 4116 geschieht
679 4050 763 4103 durch
791 4050 833 4102 die
871 4049 969 4103 Worte
1010 4041 1249 4123 διαμαρτύρεσθαι
1268 4047 1323 4101 und

254 4131 497 4212 ἐπιμαρτύρεσθαι.
535 4138 653 4192 Verbum
692 4134 853 4214 ἐπιμαρτύρ.
889 4143 996 4206 praeter
1016 4137 1162 4208 [XXXIV],
1181 4137 1224 4204 28,
1244 4152 1328 4203 quem·

254 4226 340 4280 locum
371 4227 480 4294 Lipsius
508 4234 631 4292 annotat,
664 4227 797 4299 [XLVIl]‚
829 4229 864 4282 38
883 4228 992 4297 legitur.
1012 4227 1097 4294 Locis,
1118 4242 1134 4279 a
1152 4226 1243 4294 Lipeio
1262 4241 1322 4280 con·

253 4316 347 4384 gestis,
379 4317 476 4384 quibus
504 4311 665 4393 διαμαρτύρ.
694 4319 804 4376 notione
831 4318 878 4374 illa
906 4319 1015 4393 legitur,
1044 4317 1104 4371 cdd.
1124 4319 1258 4394 [nuvllp
1277 4324 1323 4378 63·

256 4404 405 4476 [XLVHI].
424 4408 467 4459 47.
490 4405 571 4481 [LII],
592 4408 634 4466 ab.
