3254 4998
625 369 854 451 429-

163 584 247 666 apnd
274 581 453 664 Lysiamn.
500 581 617 661 Itaque
653 601 721 648 eam
757 583 902 647 Atticam
936 600 1007 648 esse
1044 589 1191 662 apparet,
1227 581 1275 646 ite
1306 585 1340 645 nt

165 691 415 758 Demosthenem
440 689 681 784 eamneonsnlle
706 690 849 756 evitasse
874 689 1053 770 putendum
1079 708 1140 753 non
1167 689 1218 754 sit.

269 795 289 882 ξ
315 801 355 862 38
380 788 486 879 Ὑπὲρ
512 785 537 856 ὦ
557 833 599 840 ·-
613 791 811 868 δικάζονται.
836 794 883 860 Cf.
897 796 957 876 IX,
983 801 1026 860 44
1052 788 1134 878 ὑπὲρ
1158 779 1203 856 ὧν
1226 783 1268 857 άν
1292 787 1338 878 μη

163 906 240 990 διδῷ
265 900 373 986 φόνου
398 897 602 975 δικάζεσθαι.
628 904 699 968 Hne
723 913 831 968 entem
857 904 928 968 loeo
952 922 1032 983 pren
1069 886 1115 964 ὧν
1133 902 1173 967 ad
1189 919 1344 982 personas

164 1011 372 1078 referendum
405 1018 463 1074 est.
500 1007 560 1087 (ef.
585 1009 689 1075 Rehd.
715 1011 765 1075 ad.
790 1012 820 1076 h.
846 1011 886 1090 1.).
911 1011 1032 1091 Aptius
1056 1028 1244 1091 compen-ene
1269 1009 1345 1073 licet

167 1114 283 1206 [LVII
311 1124 350 1182 37
377 1109 464 1198 ὑπὲρ
486 1112 604 1180 τούτου
629 1111 845 1196 δικαζόμεθα,

208 1263 211 1270 ·
272 1227 402 1307 Restat,
437 1233 473 1289 nt
504 1243 672 1306 exponam,
699 1243 781 1305 qnae
806 1227 917 1307 verbe,
943 1231 1140 1301 structurae,
1165 1224 1345 1291 locutiones

165 1333 324 1398 orellonis
349 1332 508 1414 adversus
531 1331 695 1396 Calliclem
722 1332 801 1396 adeo
826 1333 867 1397 ab
891 1349 952 1397 usu
976 1333 1206 1397 Demosthenis
1241 1333 1291 1398 vel
1323 1352 1342 1396 a

166 1458 313 1506 sermone
348 1457 426 1504 vere
472 1438 584 1504 Attico
609 1439 804 1522 discrepent,
830 1446 866 1503 ut
890 1439 994 1503 exiis
1019 1439 1345 1506 orationemDemns·

168 1549 330 1615 tlnenieem
355 1565 418 1611 non
442 1564 515 1611 esse
540 1546 698 1625 suspicari
725 1546 893 1626 possimus.

274 1653 293 1739 ξ
322 1660 336 1717 I
367 1647 437 1716 Τὸν
460 1647 613 1738 άνεψιόν
628 1646 687 1715 τὸν
719 1651 839 1716 ἑαυτοῦ
867 1649 1104 1716 κατεσκεύασεν
1127 1647 1346 1738 ἀμφισβητεῖν

167 1784 224 1842 μοι
248 1765 313 1824 τῶν
338 1762 472 1845 χωρίων.
512 1761 748 1830 Demosthenes
773 1755 1026 1833 κατασκευάζειν
1049 1757 1127 1824 τινά
1150 1781 1173 1826 α.
1200 1761 1255 1826 inf.
1282 1781 1344 1827 non

168 1876 313 1950 usurpat.
354 1869 500 1953 Quodam
527 1868 618 1933 mode
643 1866 784 1933 conferri
810 1874 920 1950 polest
936 1869 1064 1946 XX,9l
1084 1872 1149 1931 mie
1173 1869 1346 1932 πολιτευσ-

168 1982 278 2056 μένων
294 1975 381 2047 τινὲς
398 1977 596 2058 δυνηθέντες
612 1970 855 2038 κατεσκεύασαν
872 1970 982 2046 αὐτοῖς
998 1972 1121 2049 ἐξεῖναι
1138 1981 1347 2056 νομοθετεῖν.

168 2084 230 2150 Sed
266 2085 328 2148 hoe
363 2085 432 2148 loeo
468 2085 605 2148 verbnm
646 2079 898 2154 κατασκευάζειν
932 2083 1002 2147 sine
1038 2084 1163 2148 obiecto
1187 2103 1347 2164 personae

169 2195 310 2276 positum
335 2200 396 2274 est,
423 2201 460 2257 nt
483 2194 554 2274 ipse
589 2193 774 2258 infinitivus
810 2193 929 2257 obiecti
973 2194 1079 2258 loenm
1129 2205 1251 2258 teneat.
1299 2197 1348 2259 Ne

169 2302 253 2382 eputl
277 2301 421 2381 reliquos
446 2300 574 2380 quidem
601 2307 745 2365 oratores
769 2303 905 2366 verbnm
930 2301 1041 2364 eodem
1066 2301 1159 2365 modo
1184 2307 1283 2381 etque
1314 2302 1347 2366 in

170 2410 229 2474 han
254 2409 402 2474 oretinne
425 2414 645 2473 constructum
673 2408 747 2490 legi.

275 2514 294 2602 ξ
321 2523 338 2580 8
364 2519 531 2599 Σκευωρία
554 2517 797 2582 substantivum
830 2516 863 2581 in
900 2534 1034 2597 corpore
1069 2523 1233 2580 oratorum
1260 2518 1347 2582 Atti·

169 2644 278 2690 enrnm
319 2624 399 2688 alibi
434 2643 497 2688 non
535 2623 706 2706 reperitur,
744 2619 937 2706 σκευώρημα
973 2623 1058 2703 epnd
1094 2625 1346 2689 Demosthenem

169 2733 293 2814 legitur
317 2731 475 2815 XXXVI,
502 2737 543 2795 33
569 2726 684 2816 [Xlnl
712 2737 761 2794 el.

274 2850 342 2934 Οάχ
366 2849 406 2927 ὦς
430 2851 526 2926 αὐτὸς
561 2851 777 2938 δυνησόμενος
801 2851 920 2938 εἰπεῖν,
946 2847 1022 2918 a'tl’
1038 2853 1093 2918 ἵνα
1118 2851 1346 2942 καταμάθητε.
1374 2854 1376 2858 ’

171 2965 217 3032 ef.
243 2967 322 3046 Lys.
336 2963 425 3046 XVI,
449 2969 498 3039 14,
517 2969 564 3028 17.
602 2962 700 3044 Apud
725 2963 976 3030 Demosthenem
1002 2964 1088 3028 hune
1114 2964 1346 3044 particularum

171 3092 263 3139 nsum
290 3067 362 3151 (οὐχ
379 3065 419 3142 ὦς
436 3091 462 3136 α.
480 3079 563 3152 pert.
588 3109 630 3116 -
656 3062 727 3134 ἀλλ’
741 3069 808 3153 ἵνα)
824 3071 948 3136 frustra
966 3089 1111 3151 quaeras.
1138 3073 1235 3152 Apud
1253 3073 1346 3136 lenem

171 3182 327 3260 frequens
351 3188 402 3244 est
427 3172 485 3257 οὐχ
509 3173 549 3249 ὡς
576 3215 608 3224 -
638 3170 712 3241 ἄλλ’
737 3171 786 3254 αἷς,
813 3185 848 3243 nt
872 3179 945 3261 XV,
974 3181 1046 3242 100.

279 3304 298 3391 ξ
324 3312 342 3370 2
367 3300 418 3378 Ἐξ
444 3296 550 3367 αὐτῶν
585 3308 649 3366 τῶν
681 3301 858 3388 πραγάτων
894 3300 1122 3389 καταμάθητε.
1171 3309 1351 3384 Καταμαν-

172 3411 295 3477 θάυειυ
321 3409 356 3479 ἔκ
388 3433 475 3482 τινος
499 3412 586 3492 apnd
611 3413 861 3477 Demosthenem
878 3430 942 3476 nen
961 3413 1137 3495 invenitur,
1164 3413 1351 3492 iieqnenter

172 3530 281 3587 antem
308 3515 496 3600 μανθάνειν
523 3516 557 3582 ἔκ
582 3541 671 3590 τινας
683 3519 810 3602 XVIII,
830 3526 882 3602 89,
899 3525 971 3584 218.
986 3519 1117 3599 XXIII,
1130 3525 1182 3602 69,
1208 3519 1350 3602 XXVII,

172 3634 227 3712 32,
253 3636 305 3694 54.
330 3623 447 3709 XXX,
474 3635 501 3692 5.
538 3622 822 3708 Kavannnita‘nem
858 3629 1007 3693 absolute
1031 3628 1170 3708 positum
1197 3635 1246 3691 est
1270 3625 1351 3709 XX,

170 3746 214 3803 98
242 3731 378 3799 άκυάετε
414 3736 469 3797 καὶ
505 3731 792 3817 καταμανθάνετε,
817 3732 952 3816 ΧΧΙΙΙ,
974 3741 1035 3798 122
1059 3727 1156 3816 ὁρᾶτε
1180 3735 1235 3796 καὶ
1251 3754 1352 3796 κατα-

168 3838 377 3926 μανθάνετε,
414 3851 552 3922 utroque
587 3843 656 3907 loeo
687 3861 806 3923 magna
842 3861 913 3906 enm
948 3843 990 3909 vi.
1038 3842 1170 3921 Reliqui
1205 3850 1350 3906 melones

169 3955 311 4021 verbum
337 3951 475 4031 simplex
508 3957 540 4015 et
574 3950 787 4030 compositum
813 3951 883 4015 sine
909 3949 1093 4015 differentia
1117 3968 1233 4016 sensns
1259 3968 1351 4014 usur·

170 4077 273 4142 pesse
298 4057 464 4133 videntur,
491 4055 531 4122 ef.
555 4057 653 4122 Isoen.
678 4054 758 4140 XII,
784 4063 837 4121 94.

170 4201 378 4212 ...fla-...-

238 4289 265 4360 *l
284 4289 349 4345 Goll.
377 4290 425 4343 loe.
456 4288 574 4354 Schulze,
603 4287 643 4341 De
671 4287 759 4355 figure
786 4285 991 4354 ethymologiee‚
1012 4285 1028 4340 i.
1049 4293 1189 4341 comment.
1208 4286 1225 4340 i.
1246 4287 1271 4339 h.
1291 4285 1353 4338 Rib·

284 4380 379 4435 beekii.
399 4379 472 4446 Lips.
494 4378 563 4432 1888
582 4395 608 4445 p.
629 4379 680 4431 155
700 4392 739 4443 sq.
