3254 4998
636 431 857 492 -43-

150 626 349 706 scriptorem
381 625 561 690 orationem
597 629 734 705 propter
769 621 893 688 humile
931 639 1035 704 genus
1083 637 1146 686 non
1196 618 1329 700 dignam

151 731 407 816 exIstimavisse,
432 750 529 811 qnam
553 731 676 796 maiore
699 747 772 795 cum
797 728 973 809 diligentia
997 729 1193 794 elaboraret.
1240 729 1329 808 Neg-

150 840 331 921 lcgentiam
355 845 476 924 nutem,
500 856 565 919 qua
589 837 695 903 cratin
720 836 900 916 composite
923 843 985 918 est,
1009 835 1073 900 ianr
1098 835 1133 901 in
1169 843 1330 915 sequente

150 949 261 1031 capito
284 947 448 1029 copiosius
471 948 664 1028 explanabo.

625 1730 754 1816 Caput
777 1731 845 1798 1v.

364 1841 422 1907 De
453 1841 766 1907 sententiarum
797 1841 1112 1922 compositione.

254 2020 287 2086 Si
313 2021 348 2085 in
372 2020 564 2086 universum
589 2020 843 2102 consideramus,
871 2020 1029 2100 quomodo
1053 2020 1087 2084 in
1103 2019 1254 2084 oratione
1268 2018 1326 2082 LV

149 2127 460 2208 comprehensiones
496 2127 696 2209 compositae
731 2127 809 2206 sint,
844 2126 1037 2208 scriptorem
1077 2134 1149 2193 arte
1184 2126 1325 2206 quadem

147 2235 501 2302 1·hetnricneruditnm
526 2254 600 2301 esne
622 2235 738 2317 negari
762 2255 825 2300 non
850 2241 970 2316 potest.
1012 2234 1097 2319 Quin
1121 2235 1221 2300 etiam
1247 2252 1326 2298 non·

147 2343 232 2409 nulli
256 2343 416 2408 circuitus
441 2342 482 2407 nd
506 2342 740 2421 Demosthenis
764 2361 870 2425 genus
887 2341 1019 2409 dicendi
1036 2361 1138 2423 prope
1155 2343 1326 2420 accedunt,

148 2457 186 2515 ut
210 2453 244 2516 in
268 2447 287 2534 ξ
312 2457 330 2516 5
356 2452 466 2513 καίτοι
490 2489 531 2494 -
557 2445 632 2534 ἐξῆν
656 2445 764 2534 δήπου
787 2444 946 2529 τόθ’ὑμῐν
969 2445 1089 2533 ὁρῶσιν
1106 2487 1148 2495 -
1163 2450 1325 2528 λέγειν-

148 2551 226 2620 ἵνέἰ
254 2557 317 2638 μὲν
356 2553 506 2639 ἐβούλετο
530 2595 572 2602 -
596 2557 700 2642 μηδὲν
727 2550 809 2642 ἡμῖν
844 2537 885 2641 ἦν
909 2596 951 2604 -
975 2553 1007 2620 εἰ
1044 2551 1260 2643 δὀλλιγοὶρησε
1286 2592 1327 2601 -

147 2656 241 2746 εἶχες.
288 2665 472 2747 Sandysius
496 2664 604 2748 (adh.
621 2665 658 2746 l.)
683 2664 811 2731 confert
833 2666 1000 2748 XXVIII,
1025 2669 1043 2728 5
1069 2659 1143 2729 ἀλλ’
1167 2659 1320 2747 ἐχρῆν-

147 2768 266 2858 ἐπειδὴ
292 2767 567 2856 ἐτελεύτησεν-
591 2769 904 2843 εἰσκαλέσαντας-
937 2772 1087 2834 κελεῦσαι
1112 2809 1154 2816 -
1179 2761 1224 2832 ἵν’
1240 2767 1274 2832 εἴ
1293 2794 1326 2835 τι

147 2876 291 2959 ἐγίγνετο
314 2918 357 2924 -
382 2864 429 2964 ἦν.
476 2881 657 2946 Praeterea
681 2879 721 2944 cf.
745 2879 905 2962 XXVIII,
923 2886 961 2945 17
976 2870 1021 2941 ἵν’
1044 2875 1076 2941 εἰ
1098 2882 1214 2959 μέν-
1237 2873 1325 2941 εἷλέ.

151 2986 274 3067 ΧΧΙΙΙ,
301 2995 342 3054 36
373 2981 486 3050 ἵν’ἒαν.
532 2988 655 3055 liodem
687 2987 780 3053 modo
816 2987 997 3069 comparari
1032 2991 1141 3067 potest
1169 2986 1326 3051 circuitus

149 3095 167 3181 ξ
194 3102 235 3160 32
259 3085 322 3158 κᾶν
345 3095 408 3174 μὲν
432 3089 492 3173 ἐγώ
519 3099 583 3158 τῶν
610 3096 734 3178 χωρίων
761 3089 897 3158 α’ττοστῶ
936 3090 1067 3164 τούτοις
1112 3085 1325 3173 α’ποδόμενος

148 3241 191 3248 -
227 3194 324 3266 οὐδὲν
356 3197 469 3267 α’δικεῑ
489 3199 668 3285 Κάλλαρος·
706 3191 748 3264 ἂν
783 3196 875 3281 δ’ἐχώ
898 3197 945 3286 μὴ
968 3196 1132 3284 βούλομαι
1154 3196 1326 3280 τάμαυτοῦ

147 3305 279 3381 ταύταις
302 3313 481 3394 προέσθαι,
507 3305 619 3373 πάντα
642 3304 682 3372 τὰ
708 3305 881 3372 δεινότατα
906 3305 1088 3389 πάσχουσιν
1107 3305 1182 3374 uum
1213 3307 1326 3374 verbis

147 3419 245 3503 XXI,
274 3423 336 3485 120
361 3407 425 3481 κᾶν
448 3417 511 3497 μὲν
533 3412 608 3499 α’φῶ
630 3420 748 3480 τοῦτον
772 3413 832 3496 ἐγὼ
855 3418 911 3480 καὶ
935 3417 1051 3500 προδῶ
1072 3410 1134 3501 τὴν
1163 3408 1326 3498 ὑμετέραν

149 3528 452 3609 καταχειροτονίαν,
477 3519 583 3608 οὐδέν,
608 3518 648 3596 ὦς
672 3516 764 3601 ἔοικ’,
789 3519 901 3590 ἀδικῶ.
926 3513 968 3587 ἄν
991 3516 1151 3600 δ’ἕπεξίω,
1184 3520 1326 3589 λέλοιπα

148 3627 208 3716 τὴν
235 3628 338 3707 τάξιν.
391 3633 435 3698 Hi
471 3633 535 3698 loci
571 3651 635 3697 non
671 3633 773 3700 solum
793 3633 1016 3713 periodorum
1052 3632 1230 3698 structuris
1265 3633 1325 3698 sed

148 3741 248 3807 etiam
274 3740 450 3807 sententiis
474 3739 598 3806 similes
621 3739 764 3825 sunt(cf.
782 3740 906 3806 (λοισι.
924 3761 953 3822 p.
972 3742 1038 3822 73).
1063 3741 1127 3806 Sed
1146 3740 1324 3815 sententia,

149 3866 234 3929 quae
258 3847 324 3913 illis
350 3847 460 3914 verbis
491 3846 686 3932 continetur,
720 3847 897 3914 communis
920 3847 1134 3930 vulgarisque
1158 3852 1210 3913 est
1234 3852 1268 3912 et
1290 3847 1324 3912 in

150 3955 309 4036 plurimas
333 3954 497 4020 orationes
521 3953 693 4020 indIciales
718 3954 867 4035 quadrat.
892 3955 1145 4022 Similitudinem
1163 3954 1325 4036 quondam

151 4062 251 4128 etiam
285 4063 386 4127 habet
421 4063 499 4143 Lys.
536 4060 645 4143 XXX,
672 4054 757 4144 1Ξῆ
787 4056 892 4146 βουλή
914 4099 956 4106 -
982 4053 1062 4124 ὅταν
1093 4061 1157 4142 μὲν
1190 4056 1257 4148 ἔχῃ,
1282 4099 1324 4106 -

152 4164 248 4232 οὐδὲν
271 4164 500 4253 ἐξαμαρτάνει,
524 4159 606 4230 ὅταν
629 4168 663 4231 δὲ
683 4151 729 4214 ⁴-—
754 4170 906 4255 καταστῇ,
931 4161 1214 4248 ἅναχκαῐζεταικ-
1230 4169 1325 4235 Allas

151 4277 303 4358 periodos
338 4275 494 4344 orationis
527 4281 713 4359 propterea,
739 4276 823 4358 quod
848 4276 1060 4342 artificiosius
1084 4277 1181 4344 fictae
1205 4285 1325 4357 essent,

151 4383 1326 4474 udelocutionemDemosthenis,quneinprivatisquidemorutionibus
