3254 4998
741 421 960 484 „ppm

379 613 396 694 §
422 621 463 679 20
492 618 598 678 Τοῦτο
623 612 793 686 παθόντος
815 617 874 678 τοῦ
890 615 1021 696 χωρίον,
1046 617 1062 694 ᾗ
1082 618 1123 678 24
1136 615 1293 697 κεραμίον
1309 616 1448 689 παθεῖν,

268 718 286 806 ξ
316 729 355 786 25
382 724 504 800 τειχίον
540 718 681 785 ἔπαθεν.
730 724 871 788 Verbum
908 716 1052 799 πύσχειν
1080 741 1099 786 a
1123 722 1345 787 Demosthene
1368 739 1450 786 nun·

269 847 366 909 qnam
395 835 574 910 usurpatur
598 828 637 894 de
661 831 758 896 rebus
782 827 984 901 inanirnis*).

375 933 394 1019 ξ
423 942 456 1000 tl
497 931 539 998 Εἰ
573 937 629 999 καὶ
663 936 765 1021 μηδὲν
800 931 879 999 ἄλλο
914 930 1073 1019 τοιαύτην
1097 925 1126 1013 γ’
1158 926 1316 1015 οὐδεμίαν
1340 929 1450 996 αἰτίαν

269 1038 406 1121 ἔχουσιν.
435 1041 481 1108 Cf.
505 1040 633 1124 XVIII,
659 1050 724 1108 292
750 1044 805 1106 καὶ
830 1039 861 1104 εἰ
883 1042 986 1126 μηδὲν
1010 1037 1102 1118 ἄλλο,
1125 1045 1223 1104 τοῦτο
1239 1033 1268 1122 γ’
1286 1037 1373 1120 ἔχειν
1391 1042 1449 1106 δεῖ.

268 1150 403 1228 ΧΧΙΙΙ,
420 1160 480 1218 195
507 1155 562 1216 καὶ
579 1149 611 1216 εἰ
625 1153 708 1240 μηδὲ
725 1145 807 1217 δι’ἓν
823 1155 887 1216 τῶν
901 1149 1021 1229 ἄλλων,
1034 1146 1086 1215 διὰ
1104 1155 1201 1214 τοῦτο
1216 1189 1256 1198 -
1275 1155 1446 1233 συμφέρει.

271 1261 347 1342 Lys.
372 1258 490 1342 XXX,
518 1266 557 1325 18
582 1257 700 1324 καὶεί.
726 1262 825 1349 Isocr.
850 1258 931 1332 XIl.
957 1266 1007 1343 27,
1027 1267 1103 1342 202,
1122 1265 1184 1324 216
1210 1254 1314 1322 εἶκαὶ
1341 1257 1447 1343 μηδὲν

270 1363 361 1431 ἄλλο.
409 1368 646 1434 Demosthenes
681 1369 784 1452 igitur
820 1369 854 1432 in
890 1369 950 1432 hac
986 1369 1148 1432 locutione
1177 1367 1366 1446 plerumque
1390 1384 1449 1445 per

269 1474 400 1556 ellipsin
435 1483 593 1556 usurpata
632 1494 761 1556 semper
800 1475 915 1540 scribit
946 1475 1002 1537 καὶ
1030 1471 1069 1546 εἰ,
1102 1473 1260 1539 orationis
1290 1473 1449 1538 adversus

269 1582 434 1647 Calliclem
474 1584 612 1664 scriptor
651 1578 683 1645 εἰ
716 1585 780 1658 καί,
819 1601 884 1664 qua
918 1583 1046 1648 ratione
1086 1582 1184 1647 etiam
1219 1581 1318 1646 Isocr.
1346 1581 1450 1645 verba

269 1689 369 1770 ponit.
414 1691 509 1756 Inter
544 1691 600 1752 καὶ
624 1687 712 1756 siet
743 1687 774 1752 εί
796 1692 855 1752 καί
877 1689 933 1757 vix
957 1698 1081 1756 certum
1107 1689 1281 1754 discrimen
1305 1687 1448 1753 notionis

269 1797 372 1861 statui
398 1797 565 1878 potest**l.

375 1902 394 1988 ξ
420 1911 460 1968 22
489 1899 560 1988 Τὴν
592 1901 693 1990 τύχην
716 1902 862 1988 στέργειν
887 1895 943 1988 (iu'.
967 1903 986 1989 ξ
1011 1905 1077 1987 30).
1113 1904 1256 1970 Verbum
1290 1907 1446 1987 erinperto

270 2029 341 2076 conr
366 2010 531 2093 significat
555 2012 772 2092 acquiescere,
796 2020 983 2077 contentum
1001 2030 1083 2094 esse,
1109 2012 1300 2092 plerumque
1317 2011 1449 2075 coniun-

269 2118 359 2200 gitur
383 2137 454 2183 cum
480 2118 602 2198 dativo,
627 2127 664 2184 ut
687 2116 821 2202 XXIII,
843 2125 897 2182 171
929 2124 1075 2201 στέργειν
1091 2110 1289 2202 ἠναγκάζετο
1305 2112 1447 2193 τούτοις,

271 2243 341 2289 cum
368 2244 513 2306 praepos.
549 2221 609 2287 ἐπί
643 2223 841 2311 [XXXIX],
867 2233 885 2288 h
911 2222 969 2288 ἐπὶ
991 2221 1107 2311 τούτῳ,
1133 2225 1282 2290 absolute
1305 2225 1446 2306 positum

269 2340 321 2397 cst
353 2329 485 2416 XVIII,
525 2339 597 2398 172.
637 2331 797 2419 [XXVI],
824 2341 852 2398 5.
887 2330 1065 2419 [procern.],
1103 2337 1153 2397 26.
1201 2334 1379 2398 Praeterea
1403 2332 1444 2396 cf.

268 2440 375 2514 Plato,
401 2439 499 2521 Hipp.
524 2441 598 2505 mai.
624 2461 653 2521 p.
669 2443 761 2506 295Β
785 2443 902 2523 στέρξω
918 2445 957 2528 τη
981 2437 1043 2528 ἐμῇ
1058 2435 1151 2526 τύχη.
1178 2441 1375 2519 Dinarchi,
1395 2446 1446 2504 91.

268 2548 365 2612 lsoer.
391 2547 452 2630 ΙΙΙ,
478 2545 632 2631 40.X11,
659 2555 698 2613 22
724 2568 796 2614 cum
821 2549 886 2614 dat.
901 2548 1023 2614 Contra
1047 2567 1117 2614 curn
1143 2566 1247 2613 accus.
1271 2547 1371 2612 Isocr.
1391 2546 1443 2630 [I],

270 2662 311 2719 29
336 2659 445 2738 στέργε
468 2653 508 2718 τὰ
533 2651 695 2739 παρόντα.
721 2657 797 2738 Lys.
821 2653 1184 2738 ΧΧΧΙΙ[,4στέργειν
1207 2643 1249 2718 ἄν
1265 2639 1304 2739 ἦν
1320 2649 1446 2739 α’νύγιιη

268 2756 329 2846 τὴν
351 2759 461 2846 τύχην.
483 2801 524 2808 --
543 2766 593 2828 Ad
616 2766 859 2830 substantivum
883 2759 1040 2848 τύχη***)
1063 2766 1123 2829 hoo
1147 2765 1216 2828 loco
1241 2763 1447 2828 desideratur

171 2881 173 2886 '
269 2870 464 2936 attributum
504 2871 650 2952 aliquod,
688 2880 724 2937 ut
759 2873 875 2953 partic.
912 2876 1074 2957 παροῦσα,
1109 2873 1193 2954 qrrcd
1223 2872 1369 2937 additum
1395 2879 1448 2937 est

272 2975 453 3062 [prooem.],
491 2984 542 3042 43.
578 2980 675 3044 Isocr.
709 2978 772 3062 lX,
810 2988 861 3045 27.
897 2978 1031 3064 XVIII,
1070 2987 1120 3045 68.
1184 2980 1327 3046 Videtur
1366 2981 1447 3044 haec

269 3084 389 3149 locutio
413 3079 472 3168 τὴγ
494 3081 596 3171 τύχην
619 3091 765 3170 στέργειν
789 3107 829 3152 ex
859 3089 987 3167 vulgari
1018 3106 1168 3153 sermone
1197 3088 1338 3168 repetita
1365 3105 1445 3152 esse.

375 3191 392 3273 ξ
417 3198 457 3257 23
495 3189 745 3275 Καταβλύπτειν
780 3197 915 3260 verbum
940 3196 1028 3276 apud
1053 3189 1305 3260 Demosthenem
1324 3194 1447 3276 legitur

268 3294 402 3377 ΧΧΙΙΙ,
430 3306 482 3382 28,
508 3307 561 3382 50,
601 3308 740 3382 utroque
776 3312 885 3367 autem
918 3303 988 3367 loco
1028 3305 1127 3368 verba
1157 3321 1197 3367 ex
1222 3302 1349 3382 legibus
1373 3319 1446 3380 pro-

269 3405 431 3471 feruntur.
481 3409 550 3472 Hoc
583 3411 718 3474 verbum
751 3411 792 3476 ad
821 3410 930 3491 legum
955 3429 1132 3475 sermonem
1159 3410 1322 3490 pertinere
1346 3408 1443 3473 etiam

268 3532 309 3578 ex
333 3531 369 3578 eo
387 3523 533 3598 apparet,
564 3517 648 3596 quod
674 3535 770 3598 saepe
794 3517 962 3582 invenitur
990 3518 1022 3583 in
1049 3517 1319 3598 inscriptionibus
1335 3516 1376 3580 ad
1393 3533 1446 3580 res

271 3621 416 3701 publicas
429 3623 680 3703 pertinentibus.
704 3624 751 3689 uf.
766 3625 1009 3714 Dittenherger,
1034 3625 1168 3706 Sylloge
1191 3622 1205 3687 l
1232 3631 1305 3706 353,
1333 3631 1372 3688 29
1398 3643 1445 3704 sq.

376 3727 394 3813 ξ
420 3735 460 3793 28
485 3725 612 3802 Πόσους
634 3726 824 3813 βεβλάφθαι
847 3734 1060 3817 συμβέβηκεν.
1087 3733 1226 3797 Verbum
1251 3733 1447 3812 συμβαίνειν

271 3856 290 3900 a
315 3836 535 3903 Demosthene
559 3839 637 3903 alibi
662 3857 788 3920 semper
811 3839 859 3904 ita
883 3840 1094 3919 construitur,
1125 3847 1162 3904 nt
1189 3857 1358 3922 personae,
1391 3839 1444 3903 cui

331 4049 356 4118 *)
375 4049 416 4104 uf.
435 4049 576 4103 Schwarze
594 4049 611 4103 i.
631 4049 693 4104 tliss.
712 4050 729 4104 l.
749 4067 775 4118 p.
795 4051 820 4104 9.

314 4140 356 4206 ’‘*p
375 4139 511 4192 Kucbneri
547 4138 652 4205 quiderm
681 4139 820 4193 distinctio
850 4140 951 4204 (Gram.
979 4141 995 4210 ξ
1023 4141 1086 4205 578)
1115 4141 1143 4193 in
1170 4140 1346 4208 paucissimos
1373 4139 1446 4194 locos

377 4227 500 4294 qrraclrat.

296 4316 352 4386 ***)
373 4317 412 4370 Dc
431 4333 482 4371 nsu
501 4326 529 4371 et
548 4318 656 4371 notione
675 4318 755 4371 huius
774 4317 937 4372 substantivi
957 4321 1015 4387 egit
1033 4320 1067 4374 Η.
1087 4320 1184 4386 Menas,
1204 4319 1254 4373 Die
1272 4319 1398 4376 Vorstell.
1418 4339 1446 4376 v.

377 4406 502 4462 Gotthcit
521 4423 546 4461 u.
567 4407 704 4462 Schicksal
723 4408 746 4463 b.
767 4408 792 4462 d.
811 4414 862 4462 att.
882 4408 958 4462 Redn
987 4411 1057 4463 Ann.
1076 4409 1141 4477 phil
1162 4410 1229 4463 1889
1248 4426 1273 4477 p.
1293 4411 1354 4464 469,
