3254 4998
280 1510 401 1594 Oratio,
442 1530 526 1590 quae
565 1505 648 1592 πρὸς
692 1507 875 1572 Καλλικλέα
914 1511 996 1592 περὶ
1033 1513 1150 1589 χωρίου
1184 1505 1341 1594 βλάβης*)

170 1617 315 1696 insripta
357 1619 446 1682 inter
484 1618 760 1682 Demosthenicas
796 1619 870 1682 loeo
909 1619 1182 1699 quinquagesimo
1227 1618 1344 1696 quinto

169 1723 296 1787 tradita
320 1731 382 1795 est,
407 1745 427 1788 a
450 1725 543 1788 nullo
567 1744 709 1804 unquam
734 1730 885 1790 veterum
908 1727 1077 1790 rhetorum
1103 1735 1136 1790 et
1153 1725 1344 1806 grammati·

169 1849 282 1894 eornm
333 1831 366 1894 in
414 1850 584 1896 nnmerum
632 1833 819 1912 spuriarum
851 1833 962 1896 relata
994 1838 1057 1898 est.
1113 1816 1239 1913 Nempe
1273 1832 1345 1896 illis

168 1939 281 2002 obiter
318 1938 512 2018 plerumque
550 1958 592 2002 ex
628 1940 728 2002 rebus
766 1939 954 2004 manifestis
992 1940 1219 2004 iudicantibus
1262 1941 1344 2004 haec

168 2045 277 2109 oratio
301 2046 359 2110 vix
384 2047 605 2125 suspicionem
622 2064 755 2111 movere
772 2052 915 2126 poterat,
940 2055 1075 2111 nostrae
1093 2055 1204 2110 autem
1220 2046 1345 2110 aetatis

168 2153 306 2216 criticos
340 2153 530 2216 accuratius
563 2160 597 2217 et
631 2153 789 2218 subtilius
819 2155 852 2216 in
877 2155 1008 2234 singula
1033 2154 1242 2233 inquirentes
1267 2173 1344 2218 non-

169 2261 268 2324 nulla
313 2259 351 2322 ad
408 2267 514 2324 artem
558 2261 794 2324 Demosthenis
833 2261 966 2325 minime
1006 2261 1271 2325 accomomodata
1312 2261 1345 2324 in

167 2368 324 2431 oratione
348 2368 407 2430 illa
433 2369 543 2432 inesse
568 2387 632 2431 non
655 2368 753 2448 fugit.
779 2367 1057 2451 Bekkerus**)
1088 2369 1215 2448 primns
1239 2369 1345 2432 certis

170 2473 307 2553 quidem
331 2476 438 2538 causis
467 2494 532 2538 non
567 2475 684 2539 allatis
709 2476 892 2540 orationem
916 2476 974 2538 LV
999 2494 1018 2538 a
1042 2475 1265 2540 Demosthene
1290 2476 1345 2538 ab·

166 2580 343 2664 iudicavit,
361 2588 477 2645 eontra
493 2581 661 2646 Arnoldus
679 2581 1011 2664 Sohaeterns***)
1035 2589 1069 2646 et
1090 2579 1361 2665 Blassius§),v

169 2705 366 2768 quamquam
404 2689 458 2752 hie
498 2690 532 2751 in
571 2689 740 2752 nonnullis
779 2689 875 2752 vitiis
915 2687 1061 2772 offendit,
1102 2690 1285 2754 orationem
1324 2709 1343 2753 a

169 2794 395 2858 Demosthene
424 2794 608 2875 profectam
638 2813 713 2859 esse
742 2796 949 2878 existimant,
980 2796 1029 2859 ita
1057 2796 1189 2874 quidem
1212 2804 1249 2860 nt
1274 2814 1346 2860 eam

170 2902 299 2982 primae
332 2903 438 2966 aetati
463 2904 608 2967 oratoris
632 2904 792 2967 tribuant.
841 2900 1075 2986 Siggius§§)
1102 2921 1174 2968 eam
1200 2903 1346 2984 spuriam

172 3013 292 3087 putans
317 3027 354 3073 se
377 3009 475 3073 huius
498 3010 548 3073 rei
574 3017 768 3090 argumenta
792 3010 973 3074 allaturum
997 3029 1071 3074 esse
1088 3009 1260 3090 professus
1282 3015 1346 3083 ast,

173 3113 1344 3199 nequeveroadhuopromissostetit.PraetereaKuehnleinins§§§)

172 3225 210 3284 et
236 3219 497 3307 Spiekerus†)
530 3242 570 3287 ex
604 3225 747 3306 singulis
771 3225 977 3304 argumentis
1001 3224 1186 3288 orationem
1215 3224 1347 3287 dubiam

235 3397 263 3463 *)
282 3398 403 3452 Blassius
421 3399 570 3466 (Demosth.
590 3405 672 3452 oratt.
692 3415 724 3452 ex
742 3414 794 3451 rec.
814 3398 846 3451 G.
865 3396 998 3450 Dindorfii
1017 3397 1058 3452 ed.
1077 3398 1125 3452 IV.
1145 3398 1197 3450 voi.
1208 3399 1258 3453 111.
1273 3397 1347 3464 Isips¹

283 3488 358 3552 1889)
386 3493 459 3540 reete
486 3483 585 3560 βλάβης
612 3487 716 3540 addidit
744 3492 788 3552 (ex
807 3487 936 3554 Harpocr.
960 3501 982 3539 s.
1007 3502 1033 3540 v.
1053 3487 1174 3558 χλῆδος),
1194 3503 1247 3554 quo
1266 3486 1347 3540 verbo

282 3584 389 3643 propter
408 3593 516 3630 causam
536 3577 666 3630 orationis
684 3577 768 3630 careri
788 3592 841 3629 non
860 3576 954 3644 possit.

220 3663 264 3726 **)
284 3665 332 3718 Ed.
351 3667 489 3720 Demosth.
510 3666 561 3719 vol.
579 3667 630 3721 111.
651 3667 723 3734 Lips
744 3667 821 3720 1855.

199 3755 259 3818 ***)
280 3755 473 3809 Demosthenes
491 3772 517 3808 u.
536 3772 557 3810 ε.
576 3756 645 3808 Zeia.
667 3759 690 3809 1.
710 3755 781 3809 Aufl.
800 3755 866 3809 Beii.
887 3755 933 3808 VI.
952 3772 978 3823 p.
997 3757 1050 3810 252
1070 3772 1109 3823 sq.

229 3845 246 3916 ξ
278 3845 329 3901 Die
348 3845 465 3898 attische
484 3845 689 3906 Beredsamkeit
711 3845 784 3912 Lips.
806 3845 944 3898 1877111.
966 3847 990 3897 l.
1009 3861 1036 3912 p.
1055 3845 1108 3898 222
1128 3859 1167 3910 sq.

211 3934 256 4004 gg)
277 3933 377 3987 Annai.
397 3934 488 4001 philol.
508 3935 595 4003 suppl.
615 3934 662 3987 Vi.
682 3951 707 4002 p.
727 3936 788 3988 401.

195 4024 258 4094 ἐξῇ)
278 4023 319 4076 De
338 4025 365 4076 vi
384 4029 413 4076 et
431 4039 482 4076 usu
501 4024 626 4090 precandi
644 4029 673 4077 et
690 4024 796 4077 iurandi
815 4023 989 4077 formularum
1010 4023 1080 4090 apud
1109 4023 1200 4077 decem
1228 4029 1349 4076 oratores

280 4114 388 4166 atticos.
407 4113 502 4180 Progr.
522 4113 650 4175 Neostad.
670 4129 696 4168 a.
716 4113 748 4167 H.
770 4113 839 4166 1882
858 4129 883 4178 p.
902 4114 945 4166 25.

229 4205 262 4272 †)
283 4203 411 4257 Gonitive
429 4201 553 4257 absolute
571 4204 600 4258 in
620 4204 665 4256 the
684 4203 753 4256 attic
771 4210 876 4256 orators
887 4201 1002 4256 Ameria.
1017 4201 1108 4270 jonrn.
1128 4201 1159 4255 of
1175 4202 1266 4270 philol.
1277 4202 1348 4257 1885

278 4309 305 4361 p.
325 4293 387 4358 341,
407 4307 459 4358 quo
478 4292 535 4346 ioco
548 4293 691 4360 Spiekerns
709 4293 856 4346 orationem
877 4291 924 4344 LV
945 4292 1015 4355 malo
1035 4292 1160 4360 scriptori
1178 4291 1348 4346 tribuendam

278 4398 340 4437 esse
359 4381 433 4440 dicit.
471 4382 540 4435 Aliis
559 4383 664 4449 quidem
683 4382 749 4436 locis
767 4397 827 4436 eam
845 4382 917 4434 inter
935 4382 1068 4448 genuinas
1086 4380 1179 4435 refert.
