3254 4998
673 365 947 458 --14’-

248 590 406 673 intellegi
444 597 553 672 potest
587 611 628 657 ex
664 591 777 657 verbis
812 587 831 674 ξ
860 597 908 674 la,
934 592 1053 670 quibus
1076 609 1146 656 rem
1172 587 1287 671 aperte
1312 589 1421 654 detor-

250 704 341 776 quet:
369 696 547 780 Καλλικλῆς
569 691 632 778 μὲν
657 693 717 780 γάρ
741 681 819 780 φησι
842 692 901 781 τὴν
923 693 1090 779 χαράδραν
1114 691 1424 780 ἀποικοδομήσαντα

249 800 414 885 βλάπτειν
436 795 498 884 ἐμὲ
521 797 631 868 αὐτόν·
656 798 717 883 a'poi
741 795 932 877 δ’δττοδείξω
956 805 1076 887 χωρίον
1101 792 1138 864 δν
1164 805 1263 880 τοῦτ’,
1288 797 1359 866 ἀλλ’
1386 797 1424 864 οδ

248 907 424 994 χαράδραν.
472 913 588 992 Captio
612 913 698 977 latet
722 913 755 976 in
779 911 893 977 verbis
918 913 989 975 illis
1012 913 1131 994 χωρίον
1160 898 1199 970 δν
1216 913 1323 984 τοῦτο,
1340 929 1424 990 quae

248 1036 312 1084 uon
346 1019 421 1084 siue
456 1021 586 1086 ratione
621 1025 687 1084 tam
726 1019 879 1100 ambigue
915 1019 1005 1082 dicta
1041 1023 1127 1083 suut.
1175 1017 1425 1083 Confunduntur

241 1127 335 1191 enim
359 1127 401 1192 iis
433 1125 559 1192 fundus
580 1133 615 1192 et
654 1128 757 1210 locus,
799 1145 860 1205 quo
900 1144 1012 1190 murus
1052 1132 1129 1190 stat.
1178 1125 1269 1190 Idem
1309 1123 1348 1188 fit
1387 1124 1423 1189 in

250 1235 465 1313 sequentibus
489 1235 618 1300 verbis.
663 1235 764 1299 Falso
802 1234 1000 1299 Schaeferus
1036 1236 1078 1314 (p.
1106 1237 1182 1313 255)
1208 1233 1424 1297 exoratione

249 1342 381 1422 colligit
417 1347 579 1408 oratorem
617 1343 861 1407 demonstrasse
898 1342 1033 1406 arbores
1069 1347 1104 1405 et
1140 1341 1296 1421 sepulcra
1322 1357 1423 1419 prope

250 1465 374 1512 murum
399 1468 485 1533 csse,
511 1450 596 1529 quod
620 1454 848 1530 argumentum
874 1448 1018 1513 fortasse
1035 1447 1145 1512 afferri
1166 1448 1283 1527 potuit.
1308 1447 1425 1525 Neque

251 1573 330 1620 vcro
365 1557 429 1620 hoc
462 1575 503 1621 ex
538 1557 681 1620 oratoris
705 1557 818 1622 verbis
850 1555 917 1619 ullo
942 1556 1034 1619 modo
1059 1556 1132 1636 cogi
1157 1559 1276 1637 potest,
1302 1554 1425 1633 quippe

250 1662 306 1741 qui
339 1663 401 1728 illa
433 1665 468 1727 in
501 1664 601 1728 fundo
635 1661 666 1747 (ξ
694 1669 732 1728 13
757 1656 795 1725 ἓν
817 1666 863 1746 τῷ
887 1664 1001 1744 χωρία,
1028 1663 1045 1744 ξ
1072 1669 1109 1727 15
1134 1656 1171 1724 τὸ
1195 1663 1312 1743 χωρίον
1336 1650 1425 1723 εἶναι

250 1762 391 1850 δένδρων
414 1764 557 1855 μεστόν),
594 1791 658 1834 non
695 1789 795 1850 prope
832 1789 956 1834 mmmm
991 1777 1082 1836 stare
1118 1769 1285 1850 expressis
1309 1769 1424 1834 verbis

250 1875 347 1939 dicat.
395 1877 553 1942 Alienum
590 1877 723 1958 quidem
749 1897 768 1942 a
796 1878 1019 1943 Demosthene
1055 1879 1124 1942 tale
1160 1876 1324 1956 sophisma
1359 1893 1425 1938 non

251 1988 313 2065 cst,
339 2001 432 2063 quem
458 1985 602 2050 artificia
625 1986 791 2050 rhetorica
815 1985 947 2049 minime
964 1985 1091 2066 fugisse
1108 1984 1314 2048 notissimum
1332 1981 1424 2064 est.*)

250 2089 370 2170 ltaque
405 2094 527 2157 relicta
561 2094 622 2158 hac
669 2093 873 2176 quaestione,
911 2111 994 2173 quae
1032 2093 1128 2173 paulo
1164 2091 1296 2171 longius
1332 2109 1352 2153 a
1388 2109 1424 2155 re

254 2199 421 2276 proposita
437 2218 496 2266 nos
514 2201 660 2284 abduxit,
678 2201 883 2280 perscrutari
897 2217 1081 2282 purgamus,
1096 2197 1253 2277 quomodo
1271 2196 1425 2278 singulae

252 2305 413 2370 orationis
437 2313 556 2386 partes·
575 2307 756 2388 dispositae
781 2317 879 2386 atquc
904 2307 1099 2372 coniunctae
1123 2305 1198 2369 sint.

358 2413 648 2496 Transgressionis
682 2414 854 2478 formulam
892 2415 926 2478 in
961 2410 979 2498 ξ
1018 2420 1056 2478 16
1086 2407 1175 2485 ἄξιον
1199 2405 1233 2474 δὲ
1265 2410 1426 2493 καὶπερὶ

250 2521 315 2580 ταῖν
347 2515 466 2602 ἄλλων,
492 2505 537 2581 δν
561 2521 741 2604 Καλλικλῆς
775 2518 916 2606 εἴρηκεν,
950 2514 1087 2582 οἰκοῦσαι
1121 2520 1162 2584 ad
1196 2520 1281 2583 hunc
1318 2519 1423 2583 locum

251 2626 384 2692 minime
418 2634 527 2708 aptam
564 2647 637 2694 esse
670 2630 802 2694 Blassio
837 2631 881 2708 (p.
913 2635 976 2692 225
1007 2647 1079 2692 ann.
1108 2626 1422 2708 altercationum

252 2739 313 2798 est.
362 2735 476 2816 Neque
502 2737 587 2800 enim
622 2736 674 2820 iis,
708 2755 791 2815 quae
819 2742 1018 2820 sequuntur,
1053 2736 1118 2800 ullo
1143 2735 1212 2798 loco
1239 2733 1358 2797 dicitur
1384 2732 1424 2797 do

251 2840 302 2922 iis,
329 2859 412 2921 quae
435 2842 594 2909 Callicles
620 2843 653 2908 in
677 2845 891 2909 accusatione
914 2844 1066 2923 protulit.
1093 2843 1185 2906 Talis
1208 2839 1425 2922 neglegentia

251 2966 315 3012 non
341 2954 393 3013 est
418 2950 557 3028 perfecti
582 2952 733 3015 oratoris.

357 3073 519 3139 Similiter
551 3075 585 3140 in
616 3073 635 3160 ξ
663 3083 700 3141 to
733 3078 836 3143 verba
860 3079 963 3138 ταῦτα
987 3077 1100 3137 τοίνυν
1124 3070 1184 3153 ἐγώ
1208 3070 1345 3152 πάσχων
1369 3075 1426 3136 καὶ

250 3174 357 3242 πολλὰ
427 3175 521 3264 ἕτερα
567 3184 623 3245 καὶ
668 3178 759 3246 δεινὰ
794 3185 967 3248 formulam
1004 3184 1182 3267 continent,
1215 3201 1300 3262 quae
1335 3183 1426 3246 nullo

253 3287 345 3352 modo
390 3290 566 3368 respondet
613 3291 662 3373 111,
710 3310 793 3371 quae
840 3292 1048 3356 antecedunt.
1094 3291 1248 3356 Blassius
1281 3294 1323 3371 (p.
1360 3297 1424 3356 226

254 3401 288 3458 et
334 3395 367 3457 in
414 3397 464 3460 ed.
513 3417 538 3462 s,
586 3399 629 3462 ad
673 3400 703 3463 h.
752 3399 790 3482 1.)
838 3401 937 3464 talem
961 3399 1205 3480 indiligentiam
1249 3397 1330 3462 ferri
1360 3416 1426 3462 non

254 3519 349 3582 posse
395 3509 488 3568 ratus
535 3501 665 3570 librarii
712 3508 795 3571 vitio
849 3507 1006 3571 nonnulla
1069 3507 1243 3570 enrrntiata
1305 3506 1426 3571 omissa

254 3627 329 3673 esse
352 3617 474 3675 censet.
523 3613 758 3679 Molestissima
781 3601 910 3694 quidem
936 3615 1018 3679 haec
1043 3614 1265 3695 transgressio
1284 3621 1345 3697 est⁷
1364 3615 1426 3678 sed

253 3716 364 3781 iacere
399 3736 463 3782 non
499 3738 642 3806 possum⁷
680 3722 757 3800 quin
789 3741 859 3786 eam
894 3721 1046 3801 scriptori
1084 3721 1243 3785 orationis
1268 3721 1425 3804 tribuam,

253 3824 373 3904 quippe
406 3844 501 3906 quem
526 3828 649 3892 similia
674 3829 806 3908 saepius
832 3828 1034 3894 commisisse
1059 3827 1168 3909 exiis,
1194 3847 1278 3908 quae
1303 3829 1423 3908 partim

254 3931 317 3996 iam
354 3934 498 4017 exposui,
536 3936 655 4015 partim
690 3935 776 4000 infra
800 3935 945 4018 afferam,
974 3935 1129 4017 intellegi
1155 3936 1268 4014 possit.
1316 3935 1425 4000 Unum

254 4046 431 4118 praeterea
466 4041 593 4125 addam,
629 4043 715 4122 quod
737 4043 916 4107 transitum
951 4048 1019 4106 tam
1055 4042 1251 4107 dissolutum
1286 4041 1424 4121 quodam

256 4146 347 4209 morlo
372 4165 533 4212 excusare
558 4149 673 4226 possit.
699 4149 912 4213 Antecedunt
937 4150 1022 4213 enim
1046 4149 1151 4214 verba
1175 4148 1285 4214 iocosa
1310 4139 1425 4229 οὐγὰρ

317 4361 341 4426 *1
361 4360 399 4414 Cf.
418 4360 504 4414 Blass.
524 4360 541 4413 l.
561 4360 578 4412 l.
598 4376 623 4427 p.
648 4361 696 4414 184
716 4375 754 4428 sq.
775 4376 799 4429 p.
819 4361 881 4414 377.
