3254 4998
629 400 849 460 ..23-

153 601 202 660 16.
217 590 386 681 [XXXV],
400 599 453 658 40.
468 590 630 679 pxulxp
657 597 708 658 21.
747 590 844 670 Apud
870 591 1002 673 Lysiam
1027 589 1195 657 invenitur
1207 591 1285 674 XII,
1300 597 1329 656 2.

150 701 279 784 XXXI,
305 708 336 780 2,
364 699 457 780 19²⁸).
551 711 553 714 ’
1288 699 1291 708 ’

259 808 277 888 δ
301 815 341 873 25
363 799 414 870 Oai
432 801 492 889 γὰρ
515 801 554 891 δὴ
577 807 702 884 τειχίον
726 824 771 882 γε.
796 804 869 869 Hac
893 801 1034 868 formula
1059 795 1099 867 ori
1122 797 1182 888 γάρ
1208 800 1329 888 ‹iri-ys

150 934 222 980 cum
259 915 376 994 reliqui
416 922 562 978 oratores
602 918 669 978 tum
695 912 931 977 Demosthenes
970 910 1160 993 saepissime
1190 918 1329 977 utuntur

151 1020 209 1112 (cf.
246 1021 407 1088 Getauer.
439 1018 598 1102 praeip.
622 1019 728 1100 XVI).
766 1019 818 1084 Ex
842 1019 1062 1084 Demosthene
1091 1018 1207 1083 afferre
1230 1019 1330 1085 licoat

149 1130 207 1207 Vl,
236 1135 276 1193 12
300 1120 340 1190 οδ
365 1123 425 1212 γὰρ
450 1121 489 1210 δὴ
511 1123 656 1211 τριήρεις
679 1117 772 1209 γ’ὁρᾷ
796 1125 933 1196 πλείοις
957 1119 1069 1196 αὐτοῖς
1090 1114 1207 1210 ἢὸμῐν
1223 1122 1328 1197 οὔσας.
1450 1125 1453 1130 ’

241 1239 423 1315 Λογισιέον
454 1230 552 1298 ἐστίν.
599 1234 722 1299 Eadem
763 1233 918 1298 adiectiri
955 1233 1097 1299 verbalis
1137 1231 1242 1300 forma
1281 1236 1329 1300 in-

152 1343 294 1412 venitur
314 1343 457 1421 XXVII,
484 1339 593 1424 36**).

259 1449 344 1535 §26
369 1441 490 1512 Ὁπότε
514 1449 552 1511 δέ
575 1485 613 1492 -
638 1450 673 1510 τί
702 1449 755 1510 δεῖ
781 1447 882 1511 πλείω
907 1447 1025 1525 λέγειν.
1072 1449 1121 1513 De
1145 1467 1205 1512 usu
1229 1450 1330 1530 parti·

153 1558 246 1623 culae
272 1550 375 1624 ὁπότε
409 1557 442 1620 in
476 1555 657 1620 enuntiatIs
693 1555 889 1626 causalibus.
926 1554 1045 1635 quibus
1077 1562 1135 1620 aut
1163 1557 1332 1636 praecedit

153 1674 212 1730 aut
249 1663 395 1734 stratedit
430 1664 635 1728 cuttutIatum
673 1662 956 1744 interrogatIvum,
992 1661 1061 1744 egit
1086 1663 1276 1729 Gabauerus
1300 1685 1330 1744 p.
1445 1668 1449 1674 '

155 1778 298 1840 63—68.
323 1773 438 1855 Locos,
464 1770 581 1850 quibus
606 1771 694 1850 apud
706 1770 954 1834 Demosthenem
975 1770 1090 1850 partic.
1109 1762 1211 1833 ὁπότε
1234 1771 1333 1837 habet

154 1883 218 1947 vim
256 1881 429 1964 causalem,
467 1879 632 1958 congessit
665 1877 890 1944 Rehdantzius
925 1878 946 1943 i.
983 1878 1049 1944 ind.
1084 1877 1118 1942 Il
1154 1897 1178 1943 s.
1213 1897 1240 1942 v.
1266 1871 1332 1942 ὅτε.

155 1989 243 2067 (add.
279 1985 390 2072 XXII,
428 1987 494 2068 53).
530 2023 574 2030 -
608 1986 798 2052 Simillimus
822 1991 873 2049 est
897 1984 987 2049 locus
1021 1981 1139 2070 [XLI],
1166 1992 1206 2050 25
1232 1979 1333 2049 ὁπότε

155 2093 218 2178 γάρ
244 2096 344 2157 -τί
367 2094 419 2166 δεῖ
438 2092 667 2176 μακρολογεῖν.
1126 2125 1128 2128 ·

266 2197 435 2266 Τοσοότοο
467 2198 586 2283 χρόνον
622 2196 818 2270 διελθόντος.
852 2199 899 2264 Of.
923 2197 963 2283 ΙΙ,
996 2206 1047 2264 25.
1077 2200 1140 2292 III,
1174 2207 1204 2266 5.
1238 2203 1276 2286 V,
1303 2208 1333 2266 5.

157 2307 280 2394 χρόνον
296 2312 433 2390 βραχέος
457 2303 655 2379 διελθόντος.
679 2308 809 2392 XXIII,
838 2314 909 2373 153.
934 2307 1032 2372 Isoor.
1058 2309 1099 2392 X,
1125 2314 1177 2373 41.

235 2410 344 2480 ’οὗδέ
380 2410 440 2499 γὰρ
475 2415 510 2478 ἑκ
534 2411 658 2478 τούτων
692 2411 824 2498 ἄδηλον,
849 2407 911 2477 ὅτι.
937 2413 985 2481 (if.
1010 2415 1087 2497 XX,
1116 2422 1143 2480 1.
1166 2415 1278 2497 XXX,
1305 2419 1333 2482 6.

157 2522 293 2610 [XLV],
331 2530 381 2590 61.
417 2524 548 2604 Reliqui
582 2541 708 2603 quoque
732 2530 878 2589 oratores
902 2523 984 2588 hanc
1007 2517 1174 2605 λιτότητος
1199 2522 1332 2588 formam

157 2633 328 2713 adhibent,
352 2638 390 2695 ut
413 2631 512 2698 Isocr.
539 2631 596 2714 IV,
625 2636 697 2696 162.

270 2729 347 2801 Ἀλλ’
360 2732 398 2800 οὗ
410 2733 528 2822 δήποντ
552 2735 600 2802 Cf.
615 2737 708 2822 XXI,
724 2745 764 2803 98
778 2729 859 2801 α’λλά
885 2743 994 2815 μισεῖν
1022 2729 1171 2819 ὀφείλετε
1181 2775 1204 2784 -
1218 2731 1335 2821 δήπου.

156 2847 251 2912 Idem
276 2846 406 2925 saepIus
431 2845 562 2926 iegitur.

269 2956 286 3032 ξ
311 2959 351 3018 29
381 2947 519 3022 Τούτοις
553 2951 590 3016 δὲ
627 2955 784 3016 τοσοῦτον
817 2955 996 3035 περίεστιν,
1028 2946 1068 3022 ὥς
1096 2949 1214 3029 ἔοικεν,
1243 2946 1335 3017 ὥστε.

156 3059 209 3127 cf.
234 3060 329 3143 XXI,
359 3065 395 3122 17
421 3062 576 3122 τοσοῦτον
604 3051 692 3144 αὐτῷ
723 3063 852 3144 περιῆν,
883 3052 972 3122 ὥστε.
1021 3060 1058 3124 Iu
1088 3061 1149 3124 hac
1175 3061 1336 3138 locutlouo

157 3167 363 3248 supplendus
399 3172 449 3232 est
483 3167 657 3248 genetivus
693 3159 826 3251 (ὕβρεος
850 3167 920 3232 sive
944 3167 1029 3246 sim.)
1055 3167 1198 3247 pendeus
1223 3186 1242 3231 a
1265 3187 1338 3249 pro·

158 3275 292 3341 nomine
327 3277 493 3350 τοσοῦτον,
530 3274 584 3354 qui
620 3275 793 3340 adiunctus
826 3287 877 3340 ast
910 3271 1015 3361 [XIl],
1049 3282 1076 3340 7.
1105 3273 1155 3338 uf.
1180 3275 1337 3340 Weilium

157 3384 202 3448 ad
230 3384 261 3446 lr.
285 3383 306 3445 l.

264 3485 307 3550 Εἰ
338 3489 392 3551 καὶ
427 3483 507 3567 ὁμῑν
541 3527 584 3534 -
616 3489 671 3550 καὶ
706 3481 795 3572 ἡμῖν.
835 3490 885 3554 De
909 3491 969 3554 luae
993 3508 1053 3555 usu
1078 3490 1259 3570 particulae
1282 3493 1341 3552 καί
1392 3472 1396 3482 ὁ

155 3596 522 3676 scripsitGebauerus
558 3615 587 3676 p.
623 3603 697 3661 311.
755 3597 901 3682 Exponit
946 3597 1002 3662 ille
1047 3597 1202 3662 elusmodi
1247 3598 1337 3681 locIs,

155 3705 283 3785 quibus
329 3703 362 3768 in
412 3703 636 3769 ratiocinando
676 3722 716 3769 ax
755 3703 827 3785 pari
867 3705 907 3770 de
946 3705 1018 3785 pari
1057 3704 1246 3770 coniectura
1269 3706 1338 3791 fiat,

156 3811 360 3894 particulam
386 3812 444 3872 καί
465 3811 660 3895 siguificare,
685 3829 767 3890 quae
783 3819 921 3891 utroque
941 3813 1083 3878 membro
1100 3812 1338 3900 contineantur,

154 3935 345 3999 congruere
383 3919 469 3983 inter
508 3937 543 3983 se
581 3919 783 3999 invicemque
821 3921 1028 4000 respondere.
1085 3921 1171 3984 Loco
1206 3920 1339 3985 laudato

218 4102 246 4178 *)Ι
266 4110 307 4164 Cf.
326 4111 407 4180 Iluhr,
427 4111 546 4165 Excusso
563 4129 587 4164 τ.
608 4112 632 4166 d.
653 4116 703 4164 att.
724 4112 856 4166 Redueru.
876 4114 944 4166 Mus.
963 4112 1049 4166 Rhea.
1078 4113 1197 4167 XXXIII
1224 4130 1250 4182 p.
1279 4114 1340 4168 594.

274 4201 424 4258 Rehdantz.
446 4201 500 4254 iud.
520 4202 556 4255 II.
577 4218 598 4256 s.
619 4217 643 4254 v.
664 4223 703 4273 γε.
741 4218 743 4223 ’

197 4292 244 4361 **)
267 4291 308 4345 uf.
327 4293 358 4346 Il.
379 4293 410 4346 R.
431 4292 550 4357 Schulze,
589 4293 815 4359 Quaestiunculas
834 4295 1028 4362 grammaticae
1048 4295 1081 4350 ad
1101 4301 1222 4350 oratores
1242 4295 1342 4349 atticos

267 4388 430 4450 spectantes.
451 4383 546 4451 Progr.
566 4381 673 4436 Badias,
694 4383 762 4437 1889
781 4400 807 4450 p.
826 4385 851 4438 5.
