<?xml version="1.0" encoding="UTF-8"?>
<!DOCTYPE html PUBLIC "-//W3C//DTD XHTML 1.0 Transitional//EN"
    "http://www.w3.org/TR/xhtml1/DTD/xhtml1-transitional.dtd">
<html xmlns="http://www.w3.org/1999/xhtml" xml:lang="en" lang="en">
 <head>
  <title>
</title>
<meta http-equiv="Content-Type" content="text/html;charset=utf-8" />
  <meta name='ocr-system' content='tesseract 3.04.00' />
  <meta name='ocr-capabilities' content='ocr_page ocr_carea ocr_par ocr_line ocrx_word'/>
</head>
<body>
  <div class='ocr_page' id='page_1' title='image "./dedemosthenisqu00benegoog_0051.png"; bbox 0 0 3254 4998; ppageno 0'>
   <div class='ocr_carea' id='block_1_1' title="bbox 724 429 934 490">
    <p class='ocr_par' dir='ltr' id='par_1_1' title="bbox 724 429 934 490">
     <span class='ocr_line' id='line_1_1' title="bbox 724 429 934 490; baseline 0 -20"><span class='ocrx_word' id='word_1_1' title='bbox 724 464 756 470; x_wconf 82' lang='lat'><strong>.-</strong></span> <span class='ocrx_word' id='word_1_2' title='bbox 801 429 934 490; x_wconf 66' lang='lat'><strong>45-</strong></span> 
     </span>
    </p>
   </div>
   <div class='ocr_carea' id='block_1_2' title="bbox 165 613 1408 4037">
    <p class='ocr_par' dir='ltr' id='par_1_2' title="bbox 231 613 1406 1776">
     <span class='ocr_line' id='line_1_2' title="bbox 231 613 1405 707; baseline -0.001 -20"><span class='ocrx_word' id='word_1_3' title='bbox 231 630 335 705; x_wconf 85' lang='lat' dir='ltr'><strong>putnt,</strong></span> <span class='ocrx_word' id='word_1_4' title='bbox 373 641 479 703; x_wconf 89' lang='lat' dir='ltr'><strong>neque</strong></span> <span class='ocrx_word' id='word_1_5' title='bbox 514 621 599 687; x_wconf 91' lang='lat' dir='ltr'><strong>enirn</strong></span> <span class='ocrx_word' id='word_1_6' title='bbox 633 625 694 684; x_wconf 77' lang='grc' dir='ltr'><strong>τοῦ</strong></span> <span class='ocrx_word' id='word_1_7' title='bbox 728 613 845 692; x_wconf 73' lang='grc' dir='ltr'><strong><em>ὕδατος</em></strong></span> <span class='ocrx_word' id='word_1_8' title='bbox 879 640 985 702; x_wconf 80' lang='lat' dir='ltr'><strong>neque</strong></span> <span class='ocrx_word' id='word_1_9' title='bbox 1020 625 1079 684; x_wconf 77' lang='grc' dir='ltr'><strong>νοῦ</strong></span> <span class='ocrx_word' id='word_1_10' title='bbox 1113 623 1232 707; x_wconf 85' lang='grc' dir='ltr'><em>χωρίου</em></span> <span class='ocrx_word' id='word_1_11' title='bbox 1258 620 1405 702; x_wconf 86' lang='lat' dir='ltr'><strong>suppleri</strong></span> 
     </span>
     <span class='ocr_line' id='line_1_3' title="bbox 231 729 1405 811; baseline -0.002 -17"><span class='ocrx_word' id='word_1_12' title='bbox 231 747 334 811; x_wconf 90' lang='lat' dir='ltr'><strong>posse.</strong></span> <span class='ocrx_word' id='word_1_13' title='bbox 383 730 447 798; x_wconf 87' lang='lat' dir='ltr'><strong>Sed</strong></span> <span class='ocrx_word' id='word_1_14' title='bbox 469 730 547 795; x_wconf 86' lang='lat' dir='ltr'><strong>telis</strong></span> <span class='ocrx_word' id='word_1_15' title='bbox 571 730 747 810; x_wconf 77' lang='lat' dir='ltr'>genetivus</span> <span class='ocrx_word' id='word_1_16' title='bbox 772 747 904 810; x_wconf 88' lang='lat' dir='ltr'><strong>prorsus</strong></span> <span class='ocrx_word' id='word_1_17' title='bbox 928 729 1096 795; x_wconf 88' lang='lat' dir='ltr'><strong>inauditus</strong></span> <span class='ocrx_word' id='word_1_18' title='bbox 1125 739 1221 795; x_wconf 86' lang='lat' dir='ltr'><strong>esset.</strong></span> <span class='ocrx_word' id='word_1_19' title='bbox 1268 729 1405 794; x_wconf 86' lang='lat' dir='ltr'><strong>Senten-</strong></span> 
     </span>
     <span class='ocr_line' id='line_1_4' title="bbox 232 836 1404 917; baseline 0 -17"><span class='ocrx_word' id='word_1_20' title='bbox 232 836 351 901; x_wconf 88' lang='lat' dir='ltr'><strong>tiarum</strong></span> <span class='ocrx_word' id='word_1_21' title='bbox 405 855 569 902; x_wconf 82' lang='lat' dir='ltr'><strong>connexus</strong></span> <span class='ocrx_word' id='word_1_22' title='bbox 617 843 750 916; x_wconf 88' lang='lat' dir='ltr'><strong>propter</strong></span> <span class='ocrx_word' id='word_1_23' title='bbox 795 837 1032 917; x_wconf 86' lang='lat' dir='ltr'><strong>oppositionem</strong></span> <span class='ocrx_word' id='word_1_24' title='bbox 1078 839 1272 917; x_wconf 86' lang='lat' dir='ltr'><strong>verborum,</strong></span> <span class='ocrx_word' id='word_1_25' title='bbox 1320 853 1404 916; x_wconf 88' lang='lat' dir='ltr'><strong>quae</strong></span> 
     </span>
     <span class='ocr_line' id='line_1_5' title="bbox 232 935 1405 1026; baseline -0.002 -18"><span class='ocrx_word' id='word_1_26' title='bbox 232 951 422 1024; x_wconf 86' lang='lat' dir='ltr'><strong>sequuntur,</strong></span> <span class='ocrx_word' id='word_1_27' title='bbox 455 936 505 1023; x_wconf 67' lang='grc' dir='ltr'><strong>(τὸ</strong></span> <span class='ocrx_word' id='word_1_28' title='bbox 541 935 623 1022; x_wconf 77' lang='grc' dir='ltr'><strong><em>ἐμὸν</em></strong></span> <span class='ocrx_word' id='word_1_29' title='bbox 657 945 791 1026; x_wconf 85' lang='grc' dir='ltr'><em>χωρίον)</em></span> <span class='ocrx_word' id='word_1_30' title='bbox 827 943 968 1026; x_wconf 84' lang='lat' dir='ltr'><strong>flagitat,</strong></span> <span class='ocrx_word' id='word_1_31' title='bbox 1004 951 1041 1008; x_wconf 93' lang='lat' dir='ltr'><strong>ut</strong></span> <span class='ocrx_word' id='word_1_32' title='bbox 1070 963 1111 1009; x_wconf 84' lang='lat' dir='ltr'><strong>ex</strong></span> <span class='ocrx_word' id='word_1_33' title='bbox 1136 941 1405 1008; x_wconf 79' lang='lat' dir='ltr'><strong>antecedentibus</strong></span> 
     </span>
     <span class='ocr_line' id='line_1_6' title="bbox 231 1045 1406 1136; baseline -0.004 -21"><span class='ocrx_word' id='word_1_34' title='bbox 231 1048 265 1136; x_wconf 60' lang='grc' dir='ltr'><strong>(ξ</strong></span> <span class='ocrx_word' id='word_1_35' title='bbox 304 1058 345 1116; x_wconf 78' lang='lat'><strong>29</strong></span> <span class='ocrx_word' id='word_1_36' title='bbox 383 1046 421 1113; x_wconf 78' lang='grc' dir='ltr'><strong>τὸ</strong></span> <span class='ocrx_word' id='word_1_37' title='bbox 462 1045 622 1134; x_wconf 77' lang='grc' dir='ltr'><strong><em>ὑμέτερον</em></strong></span> <span class='ocrx_word' id='word_1_38' title='bbox 661 1045 766 1113; x_wconf 75' lang='grc' dir='ltr'><strong><em>αὐτῶν</em></strong></span> <span class='ocrx_word' id='word_1_39' title='bbox 805 1053 935 1134; x_wconf 82' lang='grc' dir='ltr'><em>χωρίον)</em></span> <span class='ocrx_word' id='word_1_40' title='bbox 975 1057 1084 1117; x_wconf 81' lang='lat' dir='ltr'><strong>monte</strong></span> <span class='ocrx_word' id='word_1_41' title='bbox 1123 1057 1308 1116; x_wconf 87' lang='lat' dir='ltr'><strong>assumatur</strong></span> <span class='ocrx_word' id='word_1_42' title='bbox 1345 1053 1406 1111; x_wconf 84' lang='grc' dir='ltr'><strong>τοῦ</strong></span> 
     </span>
     <span class='ocr_line' id='line_1_7' title="bbox 232 1143 1405 1243; baseline 0.001 -23"><span class='ocrx_word' id='word_1_43' title='bbox 232 1152 392 1243; x_wconf 73' lang='grc' dir='ltr'><em>ὑμετέρου</em></span> <span class='ocrx_word' id='word_1_44' title='bbox 414 1159 546 1241; x_wconf 72' lang='grc' dir='ltr'><strong><em>χωρίον.</em></strong></span> <span class='ocrx_word' id='word_1_45' title='bbox 571 1195 611 1204; x_wconf 88' lang='lat'><em>-</em></span> <span class='ocrx_word' id='word_1_46' title='bbox 636 1158 858 1240; x_wconf 87' lang='lat' dir='ltr'><strong>Reperiuntur</strong></span> <span class='ocrx_word' id='word_1_47' title='bbox 882 1158 1011 1238; x_wconf 71' lang='lat' dir='ltr'><strong>uiridem</strong></span> <span class='ocrx_word' id='word_1_48' title='bbox 1037 1159 1124 1239; x_wconf 91' lang='lat' dir='ltr'><strong>apud</strong></span> <span class='ocrx_word' id='word_1_49' title='bbox 1153 1143 1405 1224; x_wconf 79' lang='lat' dir='ltr'><strong>Demosthenem</strong></span> 
     </span>
     <span class='ocr_line' id='line_1_8' title="bbox 231 1263 1401 1347; baseline -0.001 -17"><span class='ocrx_word' id='word_1_50' title='bbox 231 1265 336 1345; x_wconf 90' lang='lat' dir='ltr'><strong>ipsum</strong></span> <span class='ocrx_word' id='word_1_51' title='bbox 372 1283 500 1346; x_wconf 84' lang='lat' dir='ltr'><strong>quoque</strong></span> <span class='ocrx_word' id='word_1_52' title='bbox 535 1265 681 1347; x_wconf 79' lang='lat' dir='ltr'><strong>genetivi</strong></span> <span class='ocrx_word' id='word_1_53' title='bbox 717 1265 858 1330; x_wconf 91' lang='lat' dir='ltr'><strong>absoluti</strong></span> <span class='ocrx_word' id='word_1_54' title='bbox 886 1265 1011 1330; x_wconf 87' lang='lat' dir='ltr'><strong>omisso</strong></span> <span class='ocrx_word' id='word_1_55' title='bbox 1046 1265 1203 1342; x_wconf 88' lang='lat' dir='ltr'><strong>subiecto,</strong></span> <span class='ocrx_word' id='word_1_56' title='bbox 1228 1270 1264 1329; x_wconf 87' lang='lat' dir='ltr'><strong>ut</strong></span> <span class='ocrx_word' id='word_1_57' title='bbox 1288 1263 1346 1346; x_wconf 91' lang='lat' dir='ltr'><strong>IV,</strong></span> <span class='ocrx_word' id='word_1_58' title='bbox 1372 1270 1401 1329; x_wconf 77' lang='grc'><strong>2.</strong></span> 
     </span>
     <span class='ocr_line' id='line_1_9' title="bbox 232 1371 1403 1454; baseline -0.001 -17"><span class='ocrx_word' id='word_1_59' title='bbox 232 1372 292 1453; x_wconf 85' lang='grc' dir='ltr'><strong>ΙΧ,</strong></span> <span class='ocrx_word' id='word_1_60' title='bbox 319 1379 347 1438; x_wconf 88' lang='lat'><strong>5.</strong></span> <span class='ocrx_word' id='word_1_61' title='bbox 383 1372 457 1454; x_wconf 89' lang='lat' dir='ltr'><strong>XV,</strong></span> <span class='ocrx_word' id='word_1_62' title='bbox 486 1379 535 1436; x_wconf 85' lang='lat'><strong>17.</strong></span> <span class='ocrx_word' id='word_1_63' title='bbox 570 1372 697 1453; x_wconf 89' lang='lat' dir='ltr'>XVIII,</span> <span class='ocrx_word' id='word_1_64' title='bbox 724 1379 796 1437; x_wconf 78' lang='lat'><strong>288.</strong></span> <span class='ocrx_word' id='word_1_65' title='bbox 834 1371 928 1449; x_wconf 87' lang='lat' dir='ltr'>XIX,</span> <span class='ocrx_word' id='word_1_66' title='bbox 957 1378 1027 1437; x_wconf 84' lang='lat'>118.</span> <span class='ocrx_word' id='word_1_67' title='bbox 1063 1371 1192 1452; x_wconf 88' lang='lat' dir='ltr'>XXIII,</span> <span class='ocrx_word' id='word_1_68' title='bbox 1229 1378 1271 1436; x_wconf 82' lang='lat'><strong>89</strong></span> <span class='ocrx_word' id='word_1_69' title='bbox 1308 1372 1403 1451; x_wconf 87' lang='lat' dir='ltr'><strong>etc.*)</strong></span> 
     </span>
     <span class='ocr_line' id='line_1_10' title="bbox 232 1479 1406 1562; baseline -0.003 -16"><span class='ocrx_word' id='word_1_70' title='bbox 232 1483 389 1546; x_wconf 87' lang='lat' dir='ltr'><strong>Attamen</strong></span> <span class='ocrx_word' id='word_1_71' title='bbox 414 1498 565 1546; x_wconf 89' lang='lat' dir='ltr'><strong>uumerus</strong></span> <span class='ocrx_word' id='word_1_72' title='bbox 589 1481 808 1562; x_wconf 85' lang='lat' dir='ltr'><strong>exemplorum</strong></span> <span class='ocrx_word' id='word_1_73' title='bbox 832 1480 919 1562; x_wconf 87' lang='lat' dir='ltr'><strong>apud</strong></span> <span class='ocrx_word' id='word_1_74' title='bbox 943 1480 1135 1562; x_wconf 80' lang='lat' dir='ltr'><strong>scriptorem</strong></span> <span class='ocrx_word' id='word_1_75' title='bbox 1159 1479 1331 1545; x_wconf 84' lang='lat' dir='ltr'><strong>Callicleae</strong></span> <span class='ocrx_word' id='word_1_76' title='bbox 1348 1497 1406 1560; x_wconf 93' lang='lat' dir='ltr'><strong>pro</strong></span> 
     </span>
     <span class='ocr_line' id='line_1_11' title="bbox 232 1586 1405 1672; baseline -0.001 -20"><span class='ocrx_word' id='word_1_77' title='bbox 232 1595 299 1654; x_wconf 90' lang='lat' dir='ltr'><strong>tam</strong></span> <span class='ocrx_word' id='word_1_78' title='bbox 335 1587 454 1670; x_wconf 78' lang='lat' dir='ltr'><strong>exigua</strong></span> <span class='ocrx_word' id='word_1_79' title='bbox 486 1588 636 1654; x_wconf 56' lang='lat' dir='ltr'><strong>srmone</strong></span> <span class='ocrx_word' id='word_1_80' title='bbox 671 1589 774 1653; x_wconf 88' lang='lat' dir='ltr'><strong>maior</strong></span> <span class='ocrx_word' id='word_1_81' title='bbox 808 1595 868 1672; x_wconf 90' lang='lat' dir='ltr'><strong>est,</strong></span> <span class='ocrx_word' id='word_1_82' title='bbox 895 1607 990 1668; x_wconf 90' lang='lat' dir='ltr'><strong>qnam</strong></span> <span class='ocrx_word' id='word_1_83' title='bbox 1015 1595 1052 1654; x_wconf 91' lang='lat' dir='ltr'><strong>ut</strong></span> <span class='ocrx_word' id='word_1_84' title='bbox 1076 1588 1148 1654; x_wconf 90' lang='lat' dir='ltr'><strong>usui</strong></span> <span class='ocrx_word' id='word_1_85' title='bbox 1174 1586 1405 1653; x_wconf 86' lang='lat' dir='ltr'><strong>Demosthenis</strong></span> 
     </span>
     <span class='ocr_line' id='line_1_12' title="bbox 232 1696 437 1776; baseline -0.005 -16"><span class='ocrx_word' id='word_1_86' title='bbox 232 1696 437 1776; x_wconf 81' lang='lat' dir='ltr'><strong>respondeat.</strong></span> 
     </span>
    </p>

    <p class='ocr_par' dir='ltr' id='par_1_3' title="bbox 165 1801 1407 3714">
     <span class='ocr_line' id='line_1_13' title="bbox 340 1801 1405 1886; baseline -0.002 -18"><span class='ocrx_word' id='word_1_87' title='bbox 340 1804 392 1868; x_wconf 90' lang='lat' dir='ltr'><strong>Ad</strong></span> <span class='ocrx_word' id='word_1_88' title='bbox 415 1802 498 1868; x_wconf 91' lang='lat' dir='ltr'><strong>idem</strong></span> <span class='ocrx_word' id='word_1_89' title='bbox 534 1805 707 1885; x_wconf 85' lang='lat' dir='ltr'><strong>abruptum</strong></span> <span class='ocrx_word' id='word_1_90' title='bbox 743 1822 847 1886; x_wconf 85' lang='lat' dir='ltr'><strong>genus</strong></span> <span class='ocrx_word' id='word_1_91' title='bbox 882 1803 1010 1870; x_wconf 90' lang='lat' dir='ltr'><strong>dicendi</strong></span> <span class='ocrx_word' id='word_1_92' title='bbox 1034 1802 1179 1884; x_wconf 89' lang='lat' dir='ltr'><strong>pertinet</strong></span> <span class='ocrx_word' id='word_1_93' title='bbox 1203 1821 1280 1868; x_wconf 91' lang='lat' dir='ltr'><strong>usus</strong></span> <span class='ocrx_word' id='word_1_94' title='bbox 1304 1801 1405 1884; x_wconf 86' lang='lat' dir='ltr'><strong>parti·</strong></span> 
     </span>
     <span class='ocr_line' id='line_1_14' title="bbox 232 1909 1405 1992; baseline -0.001 -17"><span class='ocrx_word' id='word_1_95' title='bbox 232 1909 389 1991; x_wconf 86' lang='lat' dir='ltr'><strong>cipiorum</strong></span> <span class='ocrx_word' id='word_1_96' title='bbox 423 1910 625 1990; x_wconf 87' lang='lat' dir='ltr'><strong>quorundam</strong></span> <span class='ocrx_word' id='word_1_97' title='bbox 655 1910 887 1992; x_wconf 84' lang='lat' dir='ltr'><strong>absolutorum,</strong></span> <span class='ocrx_word' id='word_1_98' title='bbox 920 1911 1060 1992; x_wconf 82' lang='lat' dir='ltr'><strong>quaein</strong></span> <span class='ocrx_word' id='word_1_99' title='bbox 1085 1910 1273 1976; x_wconf 88' lang='lat' dir='ltr'><strong>accusativo</strong></span> <span class='ocrx_word' id='word_1_100' title='bbox 1299 1909 1405 1992; x_wconf 90' lang='lat' dir='ltr'><strong>posita</strong></span> 
     </span>
     <span class='ocr_line' id='line_1_15' title="bbox 165 2009 1404 2103; baseline -0.003 -21"><span class='ocrx_word' id='word_1_101' title='bbox 165 2093 166 2098; x_wconf 8' lang='grc' dir='ltr'><strong><em>ρ</em></strong></span> <span class='ocrx_word' id='word_1_102' title='bbox 232 2025 318 2083; x_wconf 90' lang='lat' dir='ltr'><strong>suut.</strong></span> <span class='ocrx_word' id='word_1_103' title='bbox 364 2017 579 2098; x_wconf 87' lang='lat' dir='ltr'><strong>Participium</strong></span> <span class='ocrx_word' id='word_1_104' title='bbox 613 2018 708 2101; x_wconf 80' lang='lat' dir='ltr'><strong>enim,</strong></span> <span class='ocrx_word' id='word_1_105' title='bbox 745 2019 830 2099; x_wconf 87' lang='lat' dir='ltr'><strong>qnod</strong></span> <span class='ocrx_word' id='word_1_106' title='bbox 865 2019 989 2100; x_wconf 83' lang='lat' dir='ltr'><strong>legitur</strong></span> <span class='ocrx_word' id='word_1_107' title='bbox 1023 2017 1057 2084; x_wconf 91' lang='lat' dir='ltr'><strong>in</strong></span> <span class='ocrx_word' id='word_1_108' title='bbox 1090 2022 1107 2099; x_wconf 68' lang='grc' dir='ltr'><strong>ξ</strong></span> <span class='ocrx_word' id='word_1_109' title='bbox 1147 2009 1404 2103; x_wconf 76' lang='grc' dir='ltr'><strong><em>11,ο’μεληθε’ν,</em></strong></span> 
     </span>
     <span class='ocr_line' id='line_1_16' title="bbox 232 2118 1404 2209; baseline 0 -21"><span class='ocrx_word' id='word_1_110' title='bbox 232 2141 336 2203; x_wconf 86' lang='lat' dir='ltr'><strong>neqne</strong></span> <span class='ocrx_word' id='word_1_111' title='bbox 359 2143 430 2188; x_wconf 90' lang='lat' dir='ltr'><strong>curn</strong></span> <span class='ocrx_word' id='word_1_112' title='bbox 455 2119 537 2187; x_wconf 73' lang='grc' dir='ltr'><em>αὐτό</em></span> <span class='ocrx_word' id='word_1_113' title='bbox 571 2144 676 2207; x_wconf 88' lang='lat' dir='ltr'><strong>neque</strong></span> <span class='ocrx_word' id='word_1_114' title='bbox 711 2145 784 2190; x_wconf 90' lang='lat' dir='ltr'><strong>cum</strong></span> <span class='ocrx_word' id='word_1_115' title='bbox 819 2122 856 2188; x_wconf 83' lang='grc' dir='ltr'><strong>τὸ</strong></span> <span class='ocrx_word' id='word_1_116' title='bbox 892 2118 978 2209; x_wconf 74' lang='grc' dir='ltr'><strong>ὕδωρ</strong></span> <span class='ocrx_word' id='word_1_117' title='bbox 1007 2125 1160 2206; x_wconf 85' lang='lat' dir='ltr'><strong>coniungi</strong></span> <span class='ocrx_word' id='word_1_118' title='bbox 1190 2143 1284 2205; x_wconf 88' lang='lat' dir='ltr'><strong>posse</strong></span> <span class='ocrx_word' id='word_1_119' title='bbox 1315 2133 1404 2206; x_wconf 85' lang='lat' dir='ltr'><strong>recte</strong></span> 
     </span>
     <span class='ocr_line' id='line_1_17' title="bbox 232 2231 1406 2315; baseline -0.001 -19"><span class='ocrx_word' id='word_1_120' title='bbox 232 2231 411 2313; x_wconf 84' lang='lat' dir='ltr'><strong>Sandysius</strong></span> <span class='ocrx_word' id='word_1_121' title='bbox 443 2239 560 2298; x_wconf 86' lang='lat' dir='ltr'><strong>uronet.</strong></span> <span class='ocrx_word' id='word_1_122' title='bbox 606 2233 808 2300; x_wconf 85' lang='lat' dir='ltr'><strong>Unumeins</strong></span> <span class='ocrx_word' id='word_1_123' title='bbox 840 2234 926 2298; x_wconf 89' lang='lat' dir='ltr'><strong>modi</strong></span> <span class='ocrx_word' id='word_1_124' title='bbox 950 2234 1131 2315; x_wconf 85' lang='lat' dir='ltr'><strong>exemplum</strong></span> <span class='ocrx_word' id='word_1_125' title='bbox 1165 2238 1297 2313; x_wconf 84' lang='lat' dir='ltr'><strong>praeter</strong></span> <span class='ocrx_word' id='word_1_126' title='bbox 1324 2231 1406 2296; x_wconf 88' lang='lat' dir='ltr'><strong>trita</strong></span> 
     </span>
     <span class='ocr_line' id='line_1_18' title="bbox 231 2336 1404 2426; baseline 0.002 -24"><span class='ocrx_word' id='word_1_127' title='bbox 231 2337 289 2403; x_wconf 85' lang='lat' dir='ltr'><strong>illa</strong></span> <span class='ocrx_word' id='word_1_128' title='bbox 313 2339 487 2420; x_wconf 85' lang='lat' dir='ltr'><strong>participia</strong></span> <span class='ocrx_word' id='word_1_129' title='bbox 511 2341 661 2410; x_wconf 88' lang='lat' dir='ltr'><strong>absoluta</strong></span> <span class='ocrx_word' id='word_1_130' title='bbox 685 2336 766 2417; x_wconf 81' lang='grc' dir='ltr'><strong><em>ἐξόν,</em></strong></span> <span class='ocrx_word' id='word_1_131' title='bbox 791 2341 876 2416; x_wconf 81' lang='grc' dir='ltr'><strong><em>δέον,</em></strong></span> <span class='ocrx_word' id='word_1_132' title='bbox 900 2344 1067 2426; x_wconf 79' lang='grc' dir='ltr'><strong><em>προσηκον</em></strong></span> <span class='ocrx_word' id='word_1_133' title='bbox 1091 2339 1144 2420; x_wconf 85' lang='lat' dir='ltr'><strong>(cf.</strong></span> <span class='ocrx_word' id='word_1_134' title='bbox 1161 2339 1342 2406; x_wconf 84' lang='lat' dir='ltr'><strong>Rebdind.</strong></span> <span class='ocrx_word' id='word_1_135' title='bbox 1360 2339 1404 2420; x_wconf 92' lang='grc' dir='ltr'><strong>ΙΙ,</strong></span> 
     </span>
     <span class='ocr_line' id='line_1_19' title="bbox 232 2445 1404 2530; baseline -0.001 -18"><span class='ocrx_word' id='word_1_136' title='bbox 232 2465 257 2512; x_wconf 83' lang='lat' dir='ltr'><strong>s</strong></span> <span class='ocrx_word' id='word_1_137' title='bbox 280 2465 311 2512; x_wconf 92' lang='lat' dir='ltr'><strong>v.</strong></span> <span class='ocrx_word' id='word_1_138' title='bbox 341 2445 569 2528; x_wconf 79' lang='lat' dir='ltr'><strong>Partioipium)</strong></span> <span class='ocrx_word' id='word_1_139' title='bbox 607 2448 692 2528; x_wconf 88' lang='lat' dir='ltr'><strong>apud</strong></span> <span class='ocrx_word' id='word_1_140' title='bbox 728 2449 980 2514; x_wconf 87' lang='lat' dir='ltr'><strong>Demosthenem</strong></span> <span class='ocrx_word' id='word_1_141' title='bbox 1017 2447 1182 2529; x_wconf 87' lang='lat' dir='ltr'><strong>reperitur</strong></span> <span class='ocrx_word' id='word_1_142' title='bbox 1211 2446 1306 2530; x_wconf 86' lang='lat' dir='ltr'>XXI,</span> <span class='ocrx_word' id='word_1_143' title='bbox 1344 2453 1404 2511; x_wconf 84' lang='grc'><strong>199</strong></span> 
     </span>
     <span class='ocr_line' id='line_1_20' title="bbox 233 2549 1406 2640; baseline 0.003 -26"><span class='ocrx_word' id='word_1_144' title='bbox 233 2553 551 2638; x_wconf 71' lang='grc' dir='ltr'><strong><em>καταχειροτονηθὲν</em></strong></span> <span class='ocrx_word' id='word_1_145' title='bbox 587 2549 744 2640; x_wconf 73' lang='grc' dir='ltr'><strong><em>αὕτοῦ.**)</em></strong></span> <span class='ocrx_word' id='word_1_146' title='bbox 793 2557 876 2620; x_wconf 87' lang='lat' dir='ltr'><strong>Nam</strong></span> <span class='ocrx_word' id='word_1_147' title='bbox 911 2555 1087 2636; x_wconf 87' lang='lat' dir='ltr'><strong>participr&#39;a</strong></span> <span class='ocrx_word' id='word_1_148' title='bbox 1122 2555 1284 2634; x_wconf 85' lang='lat' dir='ltr'><strong>absoluta,</strong></span> <span class='ocrx_word' id='word_1_149' title='bbox 1322 2572 1406 2635; x_wconf 85' lang='lat' dir='ltr'><strong>quae</strong></span> 
     </span>
     <span class='ocr_line' id='line_1_21' title="bbox 232 2655 1405 2748; baseline 0.001 -23"><span class='ocrx_word' id='word_1_150' title='bbox 232 2662 390 2742; x_wconf 84' lang='lat' dir='ltr'><strong>leguntur</strong></span> <span class='ocrx_word' id='word_1_151' title='bbox 428 2661 553 2743; x_wconf 87' lang='lat' dir='ltr'>XXIV,</span> <span class='ocrx_word' id='word_1_152' title='bbox 581 2668 621 2727; x_wconf 81' lang='lat'><strong>73</strong></span> <span class='ocrx_word' id='word_1_153' title='bbox 659 2663 780 2742; x_wconf 80' lang='grc' dir='ltr'><strong><em>δεσμοῦ</em></strong></span> <span class='ocrx_word' id='word_1_154' title='bbox 814 2662 1190 2748; x_wconf 80' lang='grc' dir='ltr'><strong><em>προστετιμημένον***)</em></strong></span> <span class='ocrx_word' id='word_1_155' title='bbox 1228 2655 1338 2733; x_wconf 74' lang='grc' dir='ltr'><strong><em>αὐτοῖς</em></strong></span> <span class='ocrx_word' id='word_1_156' title='bbox 1372 2669 1405 2726; x_wconf 81' lang='lat' dir='ltr'><strong>et</strong></span> 
     </span>
     <span class='ocr_line' id='line_1_22' title="bbox 232 2761 1405 2855; baseline 0.002 -23"><span class='ocrx_word' id='word_1_157' title='bbox 232 2769 358 2853; x_wconf 86' lang='lat' dir='ltr'>XXIV,</span> <span class='ocrx_word' id='word_1_158' title='bbox 386 2776 446 2834; x_wconf 87' lang='lat'><strong>105</strong></span> <span class='ocrx_word' id='word_1_159' title='bbox 488 2775 731 2854; x_wconf 78' lang='grc' dir='ltr'><strong><em>προειρημένον</em></strong></span> <span class='ocrx_word' id='word_1_160' title='bbox 760 2761 846 2855; x_wconf 72' lang='grc' dir='ltr'><strong>αὐτῷ</strong></span> <span class='ocrx_word' id='word_1_161' title='bbox 869 2776 1044 2852; x_wconf 87' lang='lat' dir='ltr'><strong>propterea</strong></span> <span class='ocrx_word' id='word_1_162' title='bbox 1067 2767 1151 2835; x_wconf 89' lang='lat' dir='ltr'><strong>nihil</strong></span> <span class='ocrx_word' id='word_1_163' title='bbox 1173 2772 1297 2849; x_wconf 84' lang='lat' dir='ltr'><strong>valent,</strong></span> <span class='ocrx_word' id='word_1_164' title='bbox 1321 2770 1405 2850; x_wconf 86' lang='lat' dir='ltr'><strong>quod</strong></span> 
     </span>
     <span class='ocr_line' id='line_1_23' title="bbox 231 2876 1404 2964; baseline 0.003 -25"><span class='ocrx_word' id='word_1_165' title='bbox 231 2876 311 2940; x_wconf 93' lang='lat' dir='ltr'><strong>locis</strong></span> <span class='ocrx_word' id='word_1_166' title='bbox 334 2876 476 2942; x_wconf 85' lang='lat' dir='ltr'><strong>illisnou</strong></span> <span class='ocrx_word' id='word_1_167' title='bbox 493 2878 722 2944; x_wconf 90' lang='lat' dir='ltr'><strong>Demosthenis</strong></span> <span class='ocrx_word' id='word_1_168' title='bbox 737 2878 852 2964; x_wconf 88' lang='lat' dir='ltr'><strong>ipsius,</strong></span> <span class='ocrx_word' id='word_1_169' title='bbox 869 2879 925 2944; x_wconf 90' lang='lat' dir='ltr'><strong>sed</strong></span> <span class='ocrx_word' id='word_1_170' title='bbox 943 2879 1049 2960; x_wconf 85' lang='lat' dir='ltr'><strong>legum</strong></span> <span class='ocrx_word' id='word_1_171' title='bbox 1067 2881 1170 2944; x_wconf 87' lang='lat' dir='ltr'><strong>verba</strong></span> <span class='ocrx_word' id='word_1_172' title='bbox 1186 2877 1404 2959; x_wconf 88' lang='lat' dir='ltr'><strong>continentur,</strong></span> 
     </span>
     <span class='ocr_line' id='line_1_24' title="bbox 233 2983 1406 3066; baseline 0.003 -19"><span class='ocrx_word' id='word_1_173' title='bbox 233 2983 266 3048; x_wconf 92' lang='lat' dir='ltr'><strong>in</strong></span> <span class='ocrx_word' id='word_1_174' title='bbox 301 2984 419 3064; x_wconf 83' lang='lat' dir='ltr'><strong>quibus</strong></span> <span class='ocrx_word' id='word_1_175' title='bbox 456 2986 629 3066; x_wconf 87' lang='lat' dir='ltr'><strong>abruptum</strong></span> <span class='ocrx_word' id='word_1_176' title='bbox 671 2986 831 3065; x_wconf 80' lang='lat' dir='ltr'><strong>qtrendam</strong></span> <span class='ocrx_word' id='word_1_177' title='bbox 874 3005 1052 3052; x_wconf 88' lang='lat' dir='ltr'><strong>sermonem</strong></span> <span class='ocrx_word' id='word_1_178' title='bbox 1102 2986 1259 3052; x_wconf 85' lang='lat' dir='ltr'><strong>usitatum</strong></span> <span class='ocrx_word' id='word_1_179' title='bbox 1304 2984 1406 3051; x_wconf 86' lang='lat' dir='ltr'><strong>fuisse</strong></span> 
     </span>
     <span class='ocr_line' id='line_1_25' title="bbox 233 3092 1407 3160; baseline 0.002 -4"><span class='ocrx_word' id='word_1_180' title='bbox 233 3097 370 3156; x_wconf 84' lang='lat' dir='ltr'><strong>constet.</strong></span> <span class='ocrx_word' id='word_1_181' title='bbox 418 3092 479 3157; x_wconf 87' lang='lat' dir='ltr'><strong>Vel</strong></span> <span class='ocrx_word' id='word_1_182' title='bbox 512 3112 595 3158; x_wconf 91' lang='lat' dir='ltr'><strong>unus</strong></span> <span class='ocrx_word' id='word_1_183' title='bbox 622 3093 678 3158; x_wconf 89' lang='lat' dir='ltr'><strong>ihe</strong></span> <span class='ocrx_word' id='word_1_184' title='bbox 709 3093 798 3160; x_wconf 84' lang='lat' dir='ltr'><strong>locus</strong></span> <span class='ocrx_word' id='word_1_185' title='bbox 827 3093 998 3159; x_wconf 86' lang='lat' dir='ltr'><strong>formulam</strong></span> <span class='ocrx_word' id='word_1_186' title='bbox 1031 3092 1215 3158; x_wconf 89' lang='lat' dir='ltr'><strong>iudicialem</strong></span> <span class='ocrx_word' id='word_1_187' title='bbox 1241 3094 1407 3159; x_wconf 87' lang='lat' dir='ltr'><strong>continere</strong></span> 
     </span>
     <span class='ocr_line' id='line_1_26' title="bbox 233 3199 1405 3282; baseline 0 -17"><span class='ocrx_word' id='word_1_188' title='bbox 233 3199 373 3265; x_wconf 88' lang='lat' dir='ltr'><strong>videtur.</strong></span> <span class='ocrx_word' id='word_1_189' title='bbox 420 3199 497 3266; x_wconf 84' lang='lat' dir='ltr'><strong>Siue</strong></span> <span class='ocrx_word' id='word_1_190' title='bbox 521 3199 618 3264; x_wconf 89' lang='lat' dir='ltr'><strong>dubio</strong></span> <span class='ocrx_word' id='word_1_191' title='bbox 642 3219 718 3266; x_wconf 88' lang='lat' dir='ltr'><strong>vero</strong></span> <span class='ocrx_word' id='word_1_192' title='bbox 742 3202 865 3266; x_wconf 89' lang='lat' dir='ltr'><strong>nullum</strong></span> <span class='ocrx_word' id='word_1_193' title='bbox 892 3201 1096 3282; x_wconf 88' lang='lat' dir='ltr'><strong>perticipium</strong></span> <span class='ocrx_word' id='word_1_194' title='bbox 1120 3201 1304 3266; x_wconf 87' lang='lat' dir='ltr'><strong>ahsolutum</strong></span> <span class='ocrx_word' id='word_1_195' title='bbox 1320 3200 1405 3282; x_wconf 86' lang='lat' dir='ltr'><strong>apud</strong></span> 
     </span>
     <span class='ocr_line' id='line_1_27' title="bbox 197 3302 1407 3390; baseline -0.002 -18"><span class='ocrx_word' id='word_1_196' title='bbox 197 3337 200 3344; x_wconf 95' lang='lat'>·</span> <span class='ocrx_word' id='word_1_197' title='bbox 237 3307 483 3373; x_wconf 82' lang='lat' dir='ltr'><strong>Demosthenem</strong></span> <span class='ocrx_word' id='word_1_198' title='bbox 510 3315 627 3390; x_wconf 84' lang='lat' dir='ltr'><strong>exstat,</strong></span> <span class='ocrx_word' id='word_1_199' title='bbox 653 3309 736 3388; x_wconf 89' lang='lat' dir='ltr'><strong>quod</strong></span> <span class='ocrx_word' id='word_1_200' title='bbox 762 3309 944 3389; x_wconf 88' lang='lat' dir='ltr'><strong>comparari</strong></span> <span class='ocrx_word' id='word_1_201' title='bbox 969 3308 1072 3389; x_wconf 89' lang='lat' dir='ltr'><strong>possit</strong></span> <span class='ocrx_word' id='word_1_202' title='bbox 1095 3327 1167 3374; x_wconf 87' lang='lat' dir='ltr'><strong>eum</strong></span> <span class='ocrx_word' id='word_1_203' title='bbox 1185 3309 1240 3373; x_wconf 86' lang='lat' dir='ltr'><strong>illo</strong></span> <span class='ocrx_word' id='word_1_204' title='bbox 1258 3302 1407 3385; x_wconf 78' lang='grc' dir='ltr'><strong><em>χαλεπὸν</em></strong></span> 
     </span>
     <span class='ocr_line' id='line_1_28' title="bbox 234 3409 1406 3500; baseline 0.005 -26"><span class='ocrx_word' id='word_1_205' title='bbox 234 3409 272 3475; x_wconf 85' lang='grc' dir='ltr'><strong>ὄν</strong></span> <span class='ocrx_word' id='word_1_206' title='bbox 295 3414 329 3479; x_wconf 91' lang='lat' dir='ltr'><strong>iu</strong></span> <span class='ocrx_word' id='word_1_207' title='bbox 353 3411 372 3500; x_wconf 63' lang='grc' dir='ltr'><strong><em>ξ</em></strong></span> <span class='ocrx_word' id='word_1_208' title='bbox 398 3423 448 3478; x_wconf 64' lang='lat'><strong>3²..</strong></span> <span class='ocrx_word' id='word_1_209' title='bbox 494 3415 584 3481; x_wconf 80' lang='lat' dir='ltr'><strong>Talis</strong></span> <span class='ocrx_word' id='word_1_210' title='bbox 619 3424 786 3481; x_wconf 84' lang='lat' dir='ltr'><strong>structura</strong></span> <span class='ocrx_word' id='word_1_211' title='bbox 822 3416 926 3480; x_wconf 86' lang='lat' dir='ltr'><strong>laxior</strong></span> <span class='ocrx_word' id='word_1_212' title='bbox 961 3424 1021 3498; x_wconf 87' lang='lat' dir='ltr'><strong>ost,</strong></span> <span class='ocrx_word' id='word_1_213' title='bbox 1057 3434 1153 3496; x_wconf 88' lang='lat' dir='ltr'><strong>quem</strong></span> <span class='ocrx_word' id='word_1_214' title='bbox 1190 3423 1227 3480; x_wconf 88' lang='lat' dir='ltr'><strong>ut</strong></span> <span class='ocrx_word' id='word_1_215' title='bbox 1255 3416 1406 3496; x_wconf 87' lang='lat' dir='ltr'><strong>scriptori</strong></span> 
     </span>
     <span class='ocr_line' id='line_1_29' title="bbox 235 3521 1407 3605; baseline 0.003 -20"><span class='ocrx_word' id='word_1_216' title='bbox 235 3521 395 3604; x_wconf 84' lang='lat' dir='ltr'><strong>elegantis</strong></span> <span class='ocrx_word' id='word_1_217' title='bbox 419 3523 611 3589; x_wconf 79' lang='lat' dir='ltr'><strong>elocutionis</strong></span> <span class='ocrx_word' id='word_1_218' title='bbox 640 3525 766 3588; x_wconf 84' lang='lat' dir='ltr'><strong>curioso</strong></span> <span class='ocrx_word' id='word_1_219' title='bbox 791 3524 892 3589; x_wconf 86' lang='lat' dir='ltr'><strong>tribui</strong></span> <span class='ocrx_word' id='word_1_220' title='bbox 917 3524 1029 3605; x_wconf 85' lang='lat' dir='ltr'><strong>possit.</strong></span> <span class='ocrx_word' id='word_1_221' title='bbox 1076 3524 1316 3589; x_wconf 89' lang='lat' dir='ltr'><strong>Demosthenes</strong></span> <span class='ocrx_word' id='word_1_222' title='bbox 1348 3524 1407 3588; x_wconf 89' lang='lat' dir='ltr'><strong>hoe</strong></span> 
     </span>
     <span class='ocr_line' id='line_1_30' title="bbox 233 3623 1082 3714; baseline 0.001 -19"><span class='ocrx_word' id='word_1_223' title='bbox 233 3631 302 3696; x_wconf 87' lang='lat' dir='ltr'><strong>loeo</strong></span> <span class='ocrx_word' id='word_1_224' title='bbox 318 3629 481 3714; x_wconf 79' lang='grc' dir='ltr'><strong><em>χαλεποῆς</em></strong></span> <span class='ocrx_word' id='word_1_225' title='bbox 504 3625 598 3714; x_wconf 80' lang='grc' dir='ltr'><strong><em>οὔοης</em></strong></span> <span class='ocrx_word' id='word_1_226' title='bbox 621 3631 819 3712; x_wconf 88' lang='lat' dir='ltr'><strong>scripsisset.</strong></span> <span class='ocrx_word' id='word_1_227' title='bbox 1080 3623 1082 3628; x_wconf 70' lang='grc'><strong>’</strong></span> 
     </span>
    </p>

    <p class='ocr_par' dir='ltr' id='par_1_4' title="bbox 233 3737 1408 4037">
     <span class='ocr_line' id='line_1_31' title="bbox 341 3737 1407 3820; baseline -0.002 -16"><span class='ocrx_word' id='word_1_228' title='bbox 341 3740 380 3804; x_wconf 91' lang='lat' dir='ltr'><strong>In</strong></span> <span class='ocrx_word' id='word_1_229' title='bbox 405 3739 593 3804; x_wconf 87' lang='lat' dir='ltr'><strong>universum</strong></span> <span class='ocrx_word' id='word_1_230' title='bbox 629 3738 797 3804; x_wconf 85' lang='lat' dir='ltr'><strong>dicendum</strong></span> <span class='ocrx_word' id='word_1_231' title='bbox 834 3747 886 3804; x_wconf 90' lang='lat' dir='ltr'><strong>est</strong></span> <span class='ocrx_word' id='word_1_232' title='bbox 922 3738 1094 3820; x_wconf 88' lang='lat' dir='ltr'><strong>partieipia</strong></span> <span class='ocrx_word' id='word_1_233' title='bbox 1119 3738 1153 3804; x_wconf 91' lang='lat' dir='ltr'><strong>in</strong></span> <span class='ocrx_word' id='word_1_234' title='bbox 1177 3737 1323 3802; x_wconf 85' lang='lat' dir='ltr'><strong>oratione</strong></span> <span class='ocrx_word' id='word_1_235' title='bbox 1348 3739 1407 3802; x_wconf 89' lang='lat' dir='ltr'><strong>LV</strong></span> 
     </span>
     <span class='ocr_line' id='line_1_32' title="bbox 233 3844 1407 3929; baseline -0.001 -19"><span class='ocrx_word' id='word_1_236' title='bbox 233 3851 300 3911; x_wconf 87' lang='lat' dir='ltr'><strong>tam</strong></span> <span class='ocrx_word' id='word_1_237' title='bbox 326 3844 513 3926; x_wconf 85' lang='lat' dir='ltr'><strong>frequentia</strong></span> <span class='ocrx_word' id='word_1_238' title='bbox 537 3865 616 3929; x_wconf 87' lang='lat' dir='ltr'><strong>esse,</strong></span> <span class='ocrx_word' id='word_1_239' title='bbox 636 3864 731 3926; x_wconf 79' lang='lat' dir='ltr'><strong>utram</strong></span> <span class='ocrx_word' id='word_1_240' title='bbox 749 3847 783 3911; x_wconf 94' lang='lat' dir='ltr'><strong>in</strong></span> <span class='ocrx_word' id='word_1_241' title='bbox 801 3846 890 3911; x_wconf 86' lang='lat' dir='ltr'><strong>nulla</strong></span> <span class='ocrx_word' id='word_1_242' title='bbox 906 3846 972 3910; x_wconf 87' lang='lat' dir='ltr'><strong>alia</strong></span> <span class='ocrx_word' id='word_1_243' title='bbox 985 3846 1131 3910; x_wconf 77' lang='lat' dir='ltr'><strong>oratIone</strong></span> <span class='ocrx_word' id='word_1_244' title='bbox 1144 3844 1407 3910; x_wconf 85' lang='lat' dir='ltr'><strong>Demosthenica.</strong></span> 
     </span>
     <span class='ocr_line' id='line_1_33' title="bbox 234 3951 1408 4037; baseline -0.003 -18"><span class='ocrx_word' id='word_1_245' title='bbox 234 3955 405 4036; x_wconf 83' lang='lat' dir='ltr'><strong>Leguntur·</strong></span> <span class='ocrx_word' id='word_1_246' title='bbox 440 3953 525 4018; x_wconf 88' lang='lat' dir='ltr'><strong>euim</strong></span> <span class='ocrx_word' id='word_1_247' title='bbox 561 3954 593 4018; x_wconf 92' lang='lat' dir='ltr'><strong>iu</strong></span> <span class='ocrx_word' id='word_1_248' title='bbox 630 3953 771 4034; x_wconf 72' lang='lat' dir='ltr'><strong>siugulis</strong></span> <span class='ocrx_word' id='word_1_249' title='bbox 806 3953 937 4035; x_wconf 80' lang='lat' dir='ltr'><strong>paginis</strong></span> <span class='ocrx_word' id='word_1_250' title='bbox 978 3951 1130 4037; x_wconf 71' lang='lat' dir='ltr'><strong>(hauho)</strong></span> <span class='ocrx_word' id='word_1_251' title='bbox 1168 3953 1301 4018; x_wconf 87' lang='lat' dir='ltr'><strong>circiter</strong></span> <span class='ocrx_word' id='word_1_252' title='bbox 1325 3952 1408 4016; x_wconf 93' lang='lat' dir='ltr'><strong>XVI</strong></span> 
     </span>
    </p>
   </div>
   <div class='ocr_carea' id='block_1_3' title="bbox 270 4111 1407 4450">
    <p class='ocr_par' dir='ltr' id='par_1_5' title="bbox 270 4111 1407 4450">
     <span class='ocr_line' id='line_1_34' title="bbox 296 4111 837 4180; baseline -0.002 -13"><span class='ocrx_word' id='word_1_253' title='bbox 296 4114 321 4177; x_wconf 73' lang='lat' dir='ltr'><strong>*i</strong></span> <span class='ocrx_word' id='word_1_254' title='bbox 341 4112 406 4167; x_wconf 84' lang='lat' dir='ltr'><strong>Geli.</strong></span> <span class='ocrx_word' id='word_1_255' title='bbox 426 4112 476 4166; x_wconf 91' lang='lat' dir='ltr'><strong>loc.</strong></span> <span class='ocrx_word' id='word_1_256' title='bbox 496 4111 639 4180; x_wconf 84' lang='lat' dir='ltr'><strong>Spieherus</strong></span> <span class='ocrx_word' id='word_1_257' title='bbox 657 4113 675 4166; x_wconf 92' lang='lat' dir='ltr'><strong>l.</strong></span> <span class='ocrx_word' id='word_1_258' title='bbox 694 4113 712 4166; x_wconf 90' lang='lat'><strong>1.</strong></span> <span class='ocrx_word' id='word_1_259' title='bbox 732 4129 756 4180; x_wconf 91' lang='lat' dir='ltr'><strong>p.</strong></span> <span class='ocrx_word' id='word_1_260' title='bbox 776 4113 837 4167; x_wconf 84' lang='lat'><strong>333.</strong></span> 
     </span>
     <span class='ocr_line' id='line_1_35' title="bbox 282 4201 813 4271; baseline 0.002 -16"><span class='ocrx_word' id='word_1_261' title='bbox 282 4203 321 4271; x_wconf 79' lang='lat'><strong>**)</strong></span> <span class='ocrx_word' id='word_1_262' title='bbox 341 4203 381 4257; x_wconf 84' lang='lat' dir='ltr'><strong>Cf.</strong></span> <span class='ocrx_word' id='word_1_263' title='bbox 402 4201 509 4256; x_wconf 90' lang='lat' dir='ltr'><strong>Windel</strong></span> <span class='ocrx_word' id='word_1_264' title='bbox 527 4203 556 4255; x_wconf 91' lang='lat' dir='ltr'><strong>in</strong></span> <span class='ocrx_word' id='word_1_265' title='bbox 575 4218 666 4271; x_wconf 80' lang='lat' dir='ltr'><strong>progr.</strong></span> <span class='ocrx_word' id='word_1_266' title='bbox 686 4203 703 4256; x_wconf 91' lang='lat' dir='ltr'><strong>l.</strong></span> <span class='ocrx_word' id='word_1_267' title='bbox 721 4219 748 4270; x_wconf 79' lang='lat' dir='ltr'><strong>p.</strong></span> <span class='ocrx_word' id='word_1_268' title='bbox 768 4203 813 4257; x_wconf 81' lang='lat'><strong>13.</strong></span> 
     </span>
     <span class='ocr_line' id='line_1_36' title="bbox 270 4287 1407 4360; baseline -0.004 -14"><span class='ocrx_word' id='word_1_269' title='bbox 270 4291 325 4360; x_wconf 80' lang='lat'><strong>***)</strong></span> <span class='ocrx_word' id='word_1_270' title='bbox 344 4293 401 4346; x_wconf 88' lang='lat' dir='ltr'><strong>Hoc</strong></span> <span class='ocrx_word' id='word_1_271' title='bbox 421 4291 526 4359; x_wconf 89' lang='lat' dir='ltr'><strong>quidem</strong></span> <span class='ocrx_word' id='word_1_272' title='bbox 545 4292 603 4345; x_wconf 86' lang='lat' dir='ltr'><strong>loco</strong></span> <span class='ocrx_word' id='word_1_273' title='bbox 622 4291 815 4346; x_wconf 87' lang='lat' dir='ltr'><strong>Demosthenes</strong></span> <span class='ocrx_word' id='word_1_274' title='bbox 833 4293 919 4359; x_wconf 78' lang='lat' dir='ltr'><strong>legem</strong></span> <span class='ocrx_word' id='word_1_275' title='bbox 939 4307 956 4344; x_wconf 93' lang='lat' dir='ltr'><strong>a</strong></span> <span class='ocrx_word' id='word_1_276' title='bbox 975 4305 1003 4344; x_wconf 85' lang='lat' dir='ltr'><strong>se</strong></span> <span class='ocrx_word' id='word_1_277' title='bbox 1022 4289 1113 4344; x_wconf 81' lang='lat' dir='ltr'><strong>fiotum</strong></span> <span class='ocrx_word' id='word_1_278' title='bbox 1131 4287 1243 4357; x_wconf 82' lang='lat' dir='ltr'><strong>profert.</strong></span> <span class='ocrx_word' id='word_1_279' title='bbox 1263 4289 1315 4343; x_wconf 85' lang='lat' dir='ltr'><strong>Sed</strong></span> <span class='ocrx_word' id='word_1_280' title='bbox 1334 4295 1407 4344; x_wconf 86' lang='lat' dir='ltr'><strong>certo</strong></span> 
     </span>
     <span class='ocr_line' id='line_1_37' title="bbox 342 4381 935 4450; baseline -0.005 -15"><span class='ocrx_word' id='word_1_281' title='bbox 342 4381 385 4436; x_wconf 93' lang='lat' dir='ltr'><strong>hic</strong></span> <span class='ocrx_word' id='word_1_282' title='bbox 403 4397 507 4449; x_wconf 88' lang='lat' dir='ltr'><strong>quoque</strong></span> <span class='ocrx_word' id='word_1_283' title='bbox 527 4397 673 4436; x_wconf 84' lang='lat' dir='ltr'><strong>sermonem</strong></span> <span class='ocrx_word' id='word_1_284' title='bbox 694 4381 784 4450; x_wconf 80' lang='lat' dir='ltr'><strong>logum</strong></span> <span class='ocrx_word' id='word_1_285' title='bbox 804 4381 935 4434; x_wconf 84' lang='lat' dir='ltr'><strong>imitatur.</strong></span> 
     </span>
    </p>
   </div>
   <div class='ocr_carea' id='block_1_4' title="bbox 0 0 1636 4996">
    <p class='ocr_par' dir='ltr' id='par_1_6' title="bbox 0 0 1636 4996">
     <span class='ocr_line' id='line_1_38' title="bbox 0 0 1636 4996; baseline 0 0"><span class='ocrx_word' id='word_1_286' title='bbox 0 0 1636 4996; x_wconf 95' lang='lat' dir='ltr'><strong> </strong></span> 
     </span>
    </p>
   </div>
  </div>
 </body>
</html>
