3254 4998
652 377 873 441 -33-.

178 574 305 655 aliquid
341 574 512 656 contingit,
554 571 665 637 dative
703 571 875 637 indicetur.
922 571 973 636 Ex
1008 570 1181 652 permultis
1205 571 1388 653 exemplis

180 701 278 748 unum
306 681 407 746 ahere
431 677 530 764 XXI,
557 685 597 744 36
621 681 688 743 τίσι
711 682 915 764 συμβέβηκεν
939 670 1148 761 ὑβρισθῆναι.

287 787 306 874 ξ
320 794 357 852 31
370 784 519 868 Σόφισμο
533 786 695 852 substant
672 795 774 850 trvum
787 806 849 850 6633
864 786 1025 866 366633363
1037 785 1099 850 6363
1112 785 1146 850 36
1158 785 1361 850 orationibus

179 889 1359 980 6663336;[ΧΧ171,18.[ΧΧΧ11],2,13.[Χ[ιΠΙ],9..[66]37,3.

289 1002 352 1067 His
389 1003 428 1067 do
463 1001 604 1084 singulis
640 1000 749 1066 3631336
785 1001 940 1065 631666
942 999 1071 1064 3633333336
1105 999 1262 1079 expositis
1297 1018 1360 1063 non

178 1129 284 1192 pauca
307 1129 327 1174 6
350 1127 471 1189 genere
489 1106 616 1174 dicendi
632 1107 883 1172 Damnst-benico
900 1107 1076 1171 abhorrere
1093 1113 1127 1170 63
1142 1105 1357 1186 suspicionem

179 1235 311 1282 movere
347 1217 509 1282 nemiuem
545 1213 673 1297 fugisse
709 1214 861 1294 arbitror,
898 1214 1001 1277 multa
1026 1219 1135 1278 663663
1160 1211 1200 1277 ad
1226 1213 1358 1290 Demos·

177 1323 290 1390 thenis
325 1323 537 1387 elocutionem
575 1323 655 1386 bene
690 1320 930 1386 accommodata
966 1337 1036 1386 6666
1072 1335 1171 1399 66636
1206 1319 1359 1404 vidimus,

177 1433 227 1496 336
252 1438 289 1494 63
313 1449 353 1494 en
378 1429 429 1494 1336
453 1428 530 1494 66336
554 1429 588 1494 36
612 1435 762 1494 neutram
787 1434 911 1510 partem
937 1427 1074 1492 iudicari
1099 1443 1204 1507 66666
1221 1427 1359 1492 discerni

180 1537 293 1620 possit,
336 1545 443 1602 utrum
483 1536 587 1604 oratio
628 1536 684 1600 LV
726 1535 935 1601 Demostheni
976 1534 1152 1599 tribuenda
1180 1535 1223 1599 sit
1246 1543 1359 1600 66666.

182 1646 339 1710 Fortasse
364 1644 405 1708 ad
429 1645 513 1708 336336
538 1643 760 1734 quaestionem
785 1643 1010 1724 explicandam
1036 1642 1108 1723 plns
1126 1641 1294 1706 conferent
1310 1659 1358 1726 66,

180 1771 266 1832 6666
290 1752 323 1816 36
349 1757 508 1831 666663336
531 1751 638 1831 666336
663 1750 703 1816 de
727 1763 843 1815 6333636
867 1769 1033 1831 exponam.

670 2267 794 2354 Caput
819 2268 871 2334 lll.

651 2379 707 2443 De
742 2383 893 2442 636636.

289 2521 489 2588 0366366636
513 2528 546 2588 63
562 2520 835 2587 conformationes
853 2521 892 2586 ad
910 2521 1074 2586 orationes
1092 2521 1238 2600 privatas
1250 2520 1359 2585 3333636

177 2628 343 2708 quemad
373 2628 520 2709 publicas
553 2638 630 2709 apta
658 2647 730 2694 esse
762 2637 895 2709 propter
924 2629 1026 2708 ipsum
1065 2628 1227 2692 diversum
1253 2645 1359 2708 genus

176 2737 289 2801 elucet
344 2735 406 2801 Sed
432 2754 472 2801 66
497 2735 529 2800 36
553 2736 619 2800 31136
645 2736 773 2816 quidem
789 2735 1026 2800 Demosthenes
1050 2744 1211 2808 ornatum,
1237 2752 1299 2813 666
1324 2741 1359 2799 63

177 2843 247 2907 vim
272 2849 306 2907 et
340 2842 614 2924 pulchritudinem
651 2843 807 2906 orationis
843 2851 992 2923 augeret,
1028 2843 1123 2922 plene
1147 2842 1357 2924 neglegebat,
1384 2865 1386 2870 ·

176 2967 374 3030 6666366663
413 2949 552 3014 maxime
587 2949 763 3030 figurarum
801 2966 894 3013 usum
931 2949 1155 3028 restringebat
1190 2959 1223 3012 et
1252 2949 1359 3013 omnia

176 3055 278 3120 nimis
314 3075 350 3120 63
353 3054 490 3121 333363666
525 3056 683 3120 evitabat.
731 3053 935 3136 Quaeramus
970 3055 1073 3135 igitur
1107 3073 1183 3119 num
1219 3055 1360 3136 scriptor

176 3163 337 3228 orationis
376 3163 434 3227 LV
472 3163 609 3228 eandem
649 3169 702 3227 rat
706 3163 808 3227 ionem
848 3172 940 3226 6666
942 3180 979 3227 66
1019 3162 1071 3227 sit.
1130 3165 1178 3227 Ac
1217 3163 1355 3243 primum

179 3269 310 3350 66333636
336 3270 573 3335 sententiarum
598 3270 722 3350 figuras
747 3270 871 3350 6631663
871 3287 988 3334 366366

288 3377 468 3459 Frequent
459 3377 568 3442 3663636
592 3385 626 3442 63
642 3396 739 3458 66666
755 3377 889 3442 63636636
906 3377 999 3441 36636
1016 3377 1174 3442 adhibent
1161 3385 1215 3442 363
1231 3388 1358 3444 contra·

178 3484 289 3566 posita
313 3484 484 3565 6633366136
508 3488 628 3564 peret
615 3484 689 3547 336
710 3483 808 3549 factet.
856 3484 1072 3564 Comparandi
1098 3503 1196 3550 causa
1223 3504 1358 3550 comme·

176 3591 327 3656 6363636
360 3592 507 3657 63633666
538 3589 695 3656 XXXVI
728 3611 786 3672 pro
810 3591 1005 3656 Phormione
1029 3592 1152 3672 habita,
1177 3611 1262 3672 6666
1286 3612 1357 3657 con·

177 3698 268 3763 tinet
291 3697 408 3764 LXIII
431 3697 481 3784 §§‚
507 3699 647 3764 Inveniri
672 3696 838 3780 XXXVI,
864 3699 897 3762 in
920 3699 1070 3764 636336336
1094 3700 1170 3764 LIV
1199 3701 1357 3765 adversus

176 3807 342 3872 Cononem
368 3807 492 3888 habita,
518 3824 602 3887 qnae
627 3807 772 3872 66633663
795 3803 909 3884 XLIV
933 3803 982 3891 ἕξ,
1000 3803 1126 3885 XXVI,
1152 3807 1186 3872 in
1210 3807 1357 3871 oratione

176 3912 342 3978 adversus
366 3913 531 3979 Calliclem
557 3913 679 3995 habita,
706 3930 790 3993 6666
814 3915 960 3978 continet
982 3910 1119 3976 XXXV
1145 3911 1195 3998 ἓξι
1218 3911 1359 3976 XXXII

175 4020 338 4086 eiusmodi
377 4021 607 4100 contraposita.
653 4057 696 4064 -
750 4020 894 4085 Plurima
940 4027 1018 4085 sunt
1053 4021 1217 4101 simplicia
1252 4039 1357 4102 66666

176 4128 292 4210 digna,
330 4145 412 4208 6666
453 4127 641 4193 alienantur.
688 4126 906 4193 Offensionem
943 4127 1022 4192 mihi
1058 4131 1196 4207 praebet
1231 4136 1357 4193 eontra·

175 4233 332 4316 positum.
370 4235 453 4315 631633
488 4235 609 4317 1663363
644 4234 676 4299 in
710 4237 728 4314 ἓ
761 4241 792 4298 3:
829 4233 943 4306 ζῶντος
966 4232 1027 4314 μὲν
1051 4229 1099 4296 ἔτι
1125 4233 1357 4298 Καλλιππίδου

173 4343 239 4406 τοῦ
262 4337 385 4404 τούτων
410 4335 533 4426 πατρὸς
557 4342 611 4404 καὶ
637 4343 848 4418 γειτνιῶντος,
883 4337 1041 4412 -ὄντος
1074 4341 1108 4404 rie*
1141 4343 1358 4414 Καλλικλέους
