3254 4998
783 405 1005 468 ..93-

415 597 477 685 §2
504 603 764 682 Περιγενομὲνου
799 620 863 678 μου
897 602 953 684 τῆς
975 593 1101 661 τούτων
1124 603 1308 683 σκευωρίας.
1350 602 1480 666 Demos·

308 709 424 772 theues
447 709 547 774 verbo
571 708 730 788 περιγίγν.
756 706 863 771 utitur
885 705 942 781 iv,
972 712 1020 769 15.
1054 706 1148 789 XIX,
1185 713 1245 772 185
1279 727 1366 788 saep.
1413 709 1481 773 Hoc

309 815 377 878 solo
400 814 470 879 loeo
494 813 668 896 genetivus
694 812 836 893 pendens
860 831 879 876 a
903 814 1003 878 verbo
1027 814 1188 894 περιγίγν.
1211 833 1289 896 rem,
1315 833 1379 880 non
1412 834 1479 895 per-

309 939 420 986 sonam
445 920 619 1001 siguificat.

415 1025 434 1113 ξ
469 1033 484 1090 7
519 1022 731 1110 Τηλικυύτου.
769 1029 839 1092 Hoc
884 1046 1060 1108 pronomen
1103 1027 1269 1109 siguificat
1301 1037 1335 1094 et
1370 1037 1482 1095 tantae

309 1137 429 1201 aetatis
452 1144 487 1200 et
510 1136 660 1201 tantulae
682 1135 812 1218 aetatis,
840 1143 876 1201 ut
900 1135 960 1200 hue
985 1136 1061 1200 loeo.
1099 1135 1224 1200 Tritior
1267 1137 1395 1216 quidem
1433 1143 1483 1202 est
1593 1159 1594 1226 p

309 1244 397 1324 prim·
432 1243 520 1308 notio
557 1243 611 1321 (eii
644 1242 839 1324 Sandysium
864 1243 905 1307 ud
930 1244 958 1307 h.
985 1245 1029 1324 l),
1055 1243 1110 1308 sed
1137 1244 1242 1308 altera
1266 1263 1394 1326 quoque
1420 1265 1481 1310 uon

307 1370 382 1416 raro
407 1350 493 1431 apud
518 1351 656 1431 optimos
680 1351 856 1430 scriptores
881 1351 1024 1415 occurrit
1047 1349 1100 1434 (ui.
1115 1351 1260 1416 Passowi
1278 1352 1400 1416 lenius
1429 1355 1482 1432 ιι).

308 1463 338 1524 Α
374 1459 592 1524 Demosthene
616 1458 655 1522 de
680 1458 803 1523 minore
827 1464 937 1523 aetate
961 1477 1024 1523 non
1049 1466 1237 1539 usurpatur,
1267 1459 1353 1539 qrtod
1387 1459 1484 1525 iaeile

308 1585 385 1632 casu
410 1565 479 1631 heri
504 1571 641 1645 poterat.

412 1670 431 1758 ξ
459 1679 497 1737 13
529 1672 659 1756 Δένδρα
683 1676 928 1754 πεφυτευμένα.
974 1673 1115 1737 Verbum
1158 1669 1315 1755 φυτεύειν
1351 1674 1484 1754 punitur
1594 1705 1595 1740 1

307 1792 341 1846 et
364 1781 405 1845 de
430 1799 519 1862 agro,
545 1780 602 1860 qui
627 1780 818 1862 conseritur,
852 1779 949 1844 etde
974 1780 1025 1862 iis,
1050 1799 1134 1861 quae
1159 1781 1192 1845 in
1214 1800 1294 1863 agro
1318 1790 1483 1863 seruntur,

307 1897 344 1954 ut
375 1890 435 1954 hoe
467 1889 556 1954 loeo.¹
592 1887 689 1970 Apud
718 1889 969 1953 Demosthenem
999 1889 1097 1954 semel
1126 1889 1215 1971 prior
1238 1890 1328 1954 notio
1353 1891 1485 1972 legitur.

411 1995 497 2080 §19
538 1995 746 2078 Πρυσυφλεῑν
788 1985 1047 2080 α’γαπήσαιμέἲν.
1092 1997 1229 2062 Verbum
1269 1990 1416 2074 α’γαττᾱν,
1458 1999 1484 2062 si

308 2104 392 2169 idem
417 2105 506 2168 valet
538 2110 636 2183 atque
669 2109 854 2168 contentum
887 2104 1080 2185 esse-quod
1104 2102 1404 2184 frequentissimum
1435 2113 1486 2170 ost

308 2210 394 2292 apud
427 2211 690 2291 Demosthenem,
725 2211 875 2290 seqnitur
916 2219 974 2276 aut
1006 2211 1210 2275 enuntiatum
1236 2211 1484 2292 hypotheticum
1595 2291 1596 2300 ἵ

309 2326 367 2383 aut
402 2318 609 2400 participium
620 2319 661 2401 *ι
702 2319 869 2383 rarissime
905 2318 1098 2398 infinitivus,
1135 2319 1190 2398 qui
1226 2327 1356 2399 praeter
1401 2320 1487 2383 huno

308 2427 413 2491 locum
442 2427 542 2492 semel
575 2426 610 2490 in
642 2426 846 2490 orationihus
875 2425 1027 2508 genuinis
1060 2425 1185 2505 positus
1218 2433 1271 2491 est
1294 2426 1443 2506 pendens
1469 2445 1488 2491 a

309 2531 414 2598 forma
450 2533 605 2599 adieetivi
642 2533 783 2598 verbalis
817 2533 881 2609 ΙΙΙ,
912 2539 953 2596 30
988 2526 1162 2618 ἀγαπητὸν
1197 2517 1235 2617 ἦν
1276 2532 1487 2615 μεταλαβεῖν.

309 2641 440 2706 Pariter
479 2636 660 2726 [pt'ooetn.],
698 2648 749 2705 25.
797 2642 868 2706 Uno
906 2642 974 2705 loeo
1010 2641 1095 2722 apud
1131 2643 1310 2706 Isocratem
1352 2644 1487 2707 verbum

310 2751 407 2831 plane
431 2748 541 2813 eodem
566 2748 659 2813 modo
684 2748 866 2814 adhibitum
890 2755 951 2829 est,
977 2756 1076 2829 atque
1100 2749 1168 2813 hie:
1192 2748 1319 2830 XVIII,
1350 2755 1392 2812 50
1425 2740 1488 2811 oda

309 2851 425 2940 o'yarrpi
448 2862 512 2920 τῶν
535 2855 614 2920 ἴσων
637 2852 875 2937 τυγχάνειν**).

418 2964 505 3050 §24
529 2960 778 3048 Ἆπυδύρεσιιαι.
821 2966 963 3030 Verbum
988 2965 1200 3044 compositum
1238 2971 1369 3044 praeter
1400 2965 1490 3029 hune

310 3074 415 3138 locum
451 3074 482 3138 in
520 3091 653 3154 corpore
698 3073 961 3138 Demosthenieo
981 3072 1150 3137 invenitur
1189 3068 1398 3157 [XXXVII],
1433 3077 1489 3136 48.

312 3177 532 3267 [XXXVIII],
578 3187 624 3245 19.
666 3177 798 3267 [XLV],
840 3187 892 3244 57.
932 3177 1033 3265 [LX]‚
1075 3183 1127 3244 37.
1170 3179 1311 3244 Verbum
1348 3179 1491 3260 simplex

312 3280 491 3372 ὀδύρεσθαι
516 3290 548 3353 in
574 3290 776 3354 orati0nihus
792 3289 944 3370 genuinis
968 3289 1090 3371 legitur
1105 3289 1264 3370 XXXVI,
1284 3295 1335 3370 36,
1353 3289 1491 3368 saepius

313 3397 347 3461 in
370 3397 509 3479 reliquis
534 3398 744 3462 orationibus.
1338 3385 1339 3390 ¹

421 3506 439 3592 ξ
470 3514 510 3572 29
546 3502 617 3592 Τὴν
653 3500 754 3589 αὐτὴν
790 3507 884 3592 δίκην
920 3501 1116 3579 δικάζονται.
1153 3505 1390 3569 Demosthenes
1426 3504 1492 3568 hae

313 3617 476 3682 locutione
499 3633 562 3680 non
587 3615 701 3695 utitur,
726 3615 824 3680 semel
849 3633 888 3679 ea
913 3614 1033 3697 legitur
1056 3614 1249 3690 inoratione
1263 3612 1373 3692 spuria
1387 3608 1491 3697 [XL],
1596 3609 1597 3628 ³

316 3731 366 3789 38.
391 3723 489 3805 Apud
513 3724 594 3788 ahos
618 3729 763 3787 oratores.
787 3722 1208 3802 multaexemplaexstant:
1234 3720 1368 3801 Antiph.
1385 3719 1421 3800 V,
1437 3725 1493 3783 78.

314 3833 412 3898 Isoer.
443 3831 570 3914 XVIII,
603 3839 654 3896 51.
686 3832 767 3896 Isae.
800 3831 860 3913 III,
892 3838 919 3896 9.
970 3829 1251 3911 Frequentissima
1284 3838 1335 3893 est
1369 3829 1492 3894 locutio

318 3977 527 3988 ——--——-

378 4032 403 4095 *)
424 4029 489 4084 0011.
508 4028 579 4081 locos
598 4025 682 4080 Rehd.
703 4025 720 4079 i.
739 4025 794 4079 ind.
814 4025 850 4078 II.
871 4039 891 4078 s.
909 4041 934 4078 v.

363 4119 405 4185 **)
425 4120 570 4173 Praetereo
588 4125 727 4172 structura
745 4133 805 4170 oum
824 4113 865 4171 ὅτι
884 4116 1028 4205 invenitur,
1048 4122 1080 4169 ut
1100 4114 1299 4186 [xxxtxpat.
1320 4116 1494 4184 Bensalerns,
1596 4159 1597 4170 ,

422 4211 504 4265 Isoor.
524 4210 624 4277 Araop.
644 4225 669 4276 p.
689 4209 743 4262 300
761 4207 884 4275 regulam
902 4207 1015 4260 statuit:
1033 4195 1139 4279 „bynu
1158 4223 1180 4260 e.
1199 4205 1257 4273 inf,
1278 4207 1302 4260 si
1321 4207 1356 4274 id,
1376 4221 1428 4272 quo
1447 4213 1495 4260 eat
1596 4199 1597 4272 ζ

318 4329 324 4340 ·
423 4305 567 4354 contentus
586 4299 691 4365 aliquis,
711 4313 764 4351 non
783 4312 877 4351 revera
896 4298 918 4352 ei
943 4304 992 4350 est.
1025 4297 1183 4351 structurae
1202 4313 1223 4350 e.
1247 4307 1318 4364 part.
1343 4297 1495 4364 respondet

424 4390 471 4444 iila
490 4406 549 4443 cum
575 4386 625 4457 ὅτι,
653 4387 732 4441 alteri
752 4403 774 4440 c.
794 4387 842 4440 inf.
870 4389 894 4441 εἰ
914 4403 935 4440 c.
955 4387 1028 4440 ind.“
1049 4388 1115 4440 Cum
1135 4387 1186 4440 hac
1205 4393 1294 4442 autem
1314 4387 1493 4455 regniacum

422 4481 501 4537 multi
521 4481 566 4535 alii
586 4481 645 4550 loci,
665 4486 723 4533 tum
742 4478 795 4547 ille,
815 4494 892 4545 quem
912 4493 943 4533 ex
962 4478 1044 4532 Isoor.
1064 4477 1154 4546 attuli,
1174 4477 1334 4548 discrepant.
1374 4481 1378 4488 '
