3254 4998
730 393 952 454 ...16-

364 581 437 646 Non
473 582 594 648 11101010
629 589 701 648 arte
737 589 847 648 orator
882 583 913 647 iu
951 583 968 666 ἓ
1004 590 1044 648 22
1082 603 1118 650 se
1155 584 1265 650 statim
1290 585 1432 650 testibus

258 690 469 768 probaturum
507 708 582 756 esse
619 684 795 770 profitetur
830 690 1001 756 Calliclem
1036 709 1129 757 suum
1166 691 1273 772 ipsius
1304 709 1432 770 quoque

256 795 391 862 fundum
433 814 522 860 muro
556 797 895 879 circumdedissein
929 795 948 882 ᾗ
984 803 1024 861 27
1060 797 1175 864 iisdem
1213 798 1283 862 fere
1318 799 1432 863 verbis

255 891 493 984 repetitis'ffirc
521 898 659 964 καὶτὸν
683 903 801 988 χλῆδον
826 899 871 974 εἰς
895 897 953 985 τὴν
978 897 1055 966 ὁδὸν
1078 895 1314 988 ἐκβεβλήκασιν
1348 903 1431 982 etc.)

258 1012 449 1076 testimonia
486 1009 543 1076 ilia
578 1011 715 1076 recitari
749 1012 852 1095 iubet,
882 1013 916 1078 in
948 1009 986 1096 ἐξ
1011 1019 1143 1078 att-30
1175 1011 1303 1077 demum
1329 1013 1369 1077 de
1395 1031 1431 1078 re

256 1119 330 1198 ipsa
355 1117 518 1198 copiosius
543 1119 699 1198 loquitur.

217 1229 224 1240 ’
362 1225 498 1290 Minime
523 1225 621 1290 etiam
646 1223 792 1311 10111οξ
818 1233 858 1291 33
883 1221 915 1288 εἰ
937 1219 1001 1305 μὲν
1031 1211 1241 1290 odo—nisio
1266 1221 1374 1305 λέγειν
1398 1227 1433 1291 in

257 1339 445 1398 contextum
472 1333 645 1412 quadrant.
687 1333 864 1398 Continent
888 1335 974 1398 enirn
1001 1335 1084 1400 tales
1108 1334 1278 1417 formulas,
1315 1335 1431 1414 quales

255 1441 290 1504 iu
338 1440 544 1520 peroratione
582 1441 732 1520 usurpari
773 1441 890 1524 solent,
915 1441 962 1505 ita
989 1451 1025 1506 ut
1047 1442 1130 1506 haee
1154 1441 1257 1507 verba
1282 1442 1432 1522 legentes

256 1546 497 1612 conclusionem
522 1545 666 1626 incipere
690 1546 925 1612 existimemus.
961 1547 1025 1612 Sed
1049 1565 1188 1627 sequens
1206 1549 1432 1630 paragraphus

257 1672 370 1720 rursus
396 1654 436 1718 ad
461 1656 778 1736 argumentationem
812 1656 967 1739 respicit,
1011 1673 1081 1720 eum
1119 1657 1154 1720 in
1178 1675 1218 1720 ea
1242 1657 1432 1720 testimonia

256 1761 467 1841 proferantur
491 1762 530 1826 do
554 1760 728 1826 calumniis
753 1762 1028 1846 adversariorum,
1054 1763 1093 1828 de
1117 1764 1236 1842 quibus
1261 1771 1373 1827 orator
1396 1765 1432 1828 in

255 1865 294 1952 ἐξ
332 1875 461 1933 31-32
509 1875 708 1949 conquestus
748 1876 829 1935 erat.
891 1870 1139 1934 Peroratiouem
1176 1876 1284 1935 autem
1324 1867 1343 1954 ξ
1385 1876 1425 1935 35

256 1975 380 2040 demum
408 1977 565 2042 continet.
1005 1997 1007 2001 ’

363 2081 452 2147 Satis
476 2084 555 2148 mihi
580 2102 621 2148 ex
655 2084 708 2169 iis,
739 2102 822 2164 quae
847 2085 995 2168 exposui,
1021 2101 1181 2164 apparere
1204 2085 1340 2150 videtur
1364 2085 1430 2150 dis·

255 2189 450 2269 positionem
488 2191 692 2272 singularum
729 2193 889 2274 orationis
927 2193 1068 2271 partium
1096 2193 1192 2268 plane
1216 2210 1332 2257 carere
1354 2196 1430 2257 arte

187 2307 188 2312 ’
255 2298 326 2376 1110,
364 2316 426 2378 qua
462 2299 694 2364 Demosthenis
739 2300 905 2364 orationes
948 2301 1125 2364 excellunt.
1188 2300 1304 2379 Neque
1340 2300 1428 2364 enim

255 2405 357 2470 solum
394 2405 428 2471 in
470 2408 675 2489 argumentis
718 2407 927 2472 conectendis
963 2425 1062 2487 saepe
1097 2405 1259 2472 formulae
1296 2407 1430 2472 minime

254 2519 352 2592 aptae
376 2513 584 2598 adhibentur,
622 2514 681 2578 sed
715 2515 814 2578 etiam
839 2513 980 2596 'singula
1013 2522 1207 2595 argumenta
1231 2521 1431 2595 repetuntur

255 2626 289 2684 et
313 2619 567 2706 confunduntur,
604 2622 653 2686 ita
690 2628 726 2685 ut
760 2622 929 2686 nonnullis
964 2621 1047 2686 loeis
1072 2629 1246 2686 contextus
1271 2622 1430 2688 orationis

254 2728 488 2794 molestissimo
514 2729 606 2794 modo
630 2731 851 2810 perturbetur.
899 2728 1017 2808 ltaque
1040 2730 1101 2794 hac
1126 2730 1159 2792 iu
1181 2747 1221 2793 re
1246 2729 1427 2794 orationem

254 2835 474 2900 Demosthene
505 2836 671 2916 indignam
698 2854 772 2901 esse
796 2854 920 2900 censeo.
952 2837 1034 2900 Nam
1058 2854 1099 2899 ne
1124 2836 1252 2900 Blassio
1288 2837 1428 2918 quidem,

255 2943 309 3021 qui
334 2942 513 3008 oratiouem
541 2943 749 3008 Demostheni
762 2943 931 3014 vindicare
949 2943 1071 3026 studet,
1086 2944 1264 3008 concedere
1285 2961 1427 3028 possum,

255 3050 396 3129 plurima
411 3067 530 3134 eorum,
545 3069 628 3130 quae
643 3049 849 3116 offensionem
864 3053 1030 3134 praebent,
1045 3068 1086 3114 ex
1098 3051 1334 3130 depravatione
1360 3057 1428 3116 tex·

255 3167 307 3222 tus
318 3163 389 3220 orta
404 3175 486 3241 esse,
495 3165 666 3238 propterea
679 3159 763 3238 quod
775 3167 808 3224 et
817 3158 1181 3238 scriptaDemosthenis
1192 3157 1225 3222 in
1237 3158 1426 3224 universum

254 3263 325 3328 sinc
358 3265 516 3346 gravibus
555 3266 753 3344 corruptelis
789 3265 911 3330 tradita
946 3272 1023 3330 sunt
1062 3273 1095 3330 et
1130 3265 1212 3331 vitia
1236 3266 1295 3329 illa
1320 3266 1426 3346 dispo-

253 3369 382 3436 sitionis
405 3374 599 3453 plerumque
624 3373 704 3438 talia
728 3384 814 3456 suut,
840 3379 876 3436 ut
901 3375 1003 3437 multo
1026 3372 1239 3438 verisimilius
1263 3373 1307 3437 sit
1323 3390 1361 3437 ea
1386 3391 1427 3438 ex

223 3527 225 3531 -
253 3479 423 3560 scriptoris
447 3480 590 3550 inscitia.
615 3499 710 3561 quam
738 3500 778 3546 ex
803 3480 931 3545 librarii
956 3499 1065 3546 errore
1090 3481 1236 3546 fluxisse.

357 3587 423 3652 Sed
457 3589 537 3652 haec
573 3586 797 3667 dispositionis
833 3587 1045 3682 perturhatio,
1084 3587 1233 3667 quamvis
1271 3607 1423 3670 magnam

252 3693 465 3774 suspicionem
485 3702 623 3779 moveat,
637 3714 700 3760 non
717 3696 800 3760 satis
816 3697 908 3762 valet
925 3695 967 3760 ad
983 3695 1161 3760 orationem
1180 3696 1427 3762 aDemosthene

254 3801 515 3867 abiudicandam.
570 3803 798 3886 Qtraereudum
835 3803 938 3884 igitur
982 3803 1076 3867 nobis
1122 3811 1182 3887 est,
1230 3820 1305 3866 uum
1351 3803 1425 3866 aliis

253 3926 378 3988 quoque
401 3911 500 3977 rebus
525 3910 629 3973 0111110
646 3911 705 3974 LV
722 3928 741 3972 0
758 3911 890 3990 scriptis
907 3910 1144 3995 Demosthenis,
1173 3929 1255 3990 qrrae
1282 3909 1422 3974 omnium

252 4015 372 4080 iudicio
388 4019 530 4097 genuina
548 4025 716 4100 putantur,
734 4018 917 4084 abhorreat.
943 4019 1060 4098 Itaque
1076 4019 1138 4082 iam
1154 4019 1195 4082 ad
1207 4017 1425 4084 elocutionem

252 4123 407 4188 orationis
431 4124 635 4188 tractandam
661 4132 871 4189 transeamus.

733 4323 939 4331 ——-—--...-—.
