3254 4998
758 417 979 477 „10—

286 631 403 678 rursus
437 614 472 677 in
505 618 653 675 actorem
685 610 782 674 huius
817 627 948 674 causae.
997 610 1183 675 Praeterea
1216 610 1355 675 mutatio
1397 610 1461 673 illa

286 739 352 784 non
391 721 440 784 ita
478 720 593 801 gravis
633 723 694 783 estss
742 718 826 781 Nam
864 717 900 781 in
938 718 1068 782 nomine
1108 719 1243 798 proprio
1284 718 1460 782 scribendo

197 883 199 888 .
287 827 447 892 librarius
471 826 573 891 facile
602 843 717 890 errare
746 825 866 907 potuit,
896 825 1096 905 praesertim
1121 843 1193 889 cum
1216 841 1335 890 nomen
1359 825 1460 890 calli-

288 935 391 1000 cratis
425 935 459 999 in
492 934 660 1014 prooemio
694 933 765 996 solo
803 919 1091 996 commemoratum
1124 933 1158 996 in
1190 932 1255 997 fine
1296 935 1459 998 orationis

288 1042 432 1106 alienum
457 1042 565 1107 videri
590 1045 714 1121 posset.

387 1150 462 1214 ‘Sed
495 1149 620 1213 diutius
638 1148 725 1212 *fere
758 1148 792 1211 iu
825 1149 885 1211 hac
915 1147 1110 1227 quaestione
1135 1153 1354 1213 commoratus
1379 1167 1459 1213 sum.

288 1258 408 1336 ltaque
441 1258 506 1321 i'am
539 1262 748 1321 transeamus
781 1255 823 1319 ad
856 1255 1001 1319 alteram·
1031 1260 1162 1335 partem
1194 1256 1292 1320 huius
1321 1255 1460 1339 capitis,

288 1365 330 1428 ad
362 1364 615 1445 dispositionem
648 1362 822 1426 orationis.
870 1362 919 1425 Ac
952 1362 1092 1441 primum
1122 1361 1253 1442 quidem
1278 1362 1460 1445 videamus

287 1490 364 1535 num
397 1472 430 1535 in
463 1472 655 1535 universum
689 1469 864 1549 dispositio
898 1468 1099 1549 respondeat
1127 1469 1201 1533 usui
1227 1469 1461 1534 Demosthenis

288 1585 323 1644 et
346 1579 474 1660 regulis
499 1597 518 1642 a
541 1579 714 1643 veteribus
738 1577 928 1641 rhetoribus
953 1577 1101 1642 statutis

393 1687 433 1750 In
466 1687 634 1767 prooemio
670 1682 702 1769 (ξ
729 1683 840 1769 1-2),
866 1684 951 1764 quod
984 1689 1149 1765 sumptum
1173 1691 1225 1749 est
1250 1704 1291 1749 ex
1315 1703 1461 1765 persona

290 1787 340 1876 (ἐκ
365 1787 591 1877 προσώπου)*)
618 1798 712 1858 actor
736 1810 857 1856 causae
882 1793 922 1856 de
947 1792 1111 1856 calumnia
1128 1792 1238 1856 litium
1255 1793 1462 1857 accusatoris

289 1901 512 1984 conqueritur,
538 1901 660 1980 quippe
689 1901 744 1980 qui
773 1919 838 1964 non
862 1901 967 1964 solum
997 1905 1096 1964 antea
1121 1901 1352 1974 consobrinum
1376 1919 1461 1964 com·

289 2009 442 2091 moverit,
474 2013 520 2088 ut
559 2025 670 2073 secum
710 2008 750 2072 dc
789 2006 889 2071 fundo
929 2008 1094 2090 litigaret,
1135 2007 1194 2071 sed
1234 2008 1335 2072 etiam
1375 2026 1462 2072 nunc

289 2114 504 2179 Callicratem
550 2114 689 2179 fratrent
736 2115 941 2197 incitaverit,
989 2119 1026 2178 ut
1072 2103 1214 2178 alteram
1260 2115 1356 2179 litem
1396 2114 1463 2178 sibi

289 2221 490 2287 intenderet.
546 2219 691 2304 (Similia
731 2229 808 2286 sunt
849 2221 1018 2301 prooemia
1057 2221 1244 2286 orationum
1282 2221 1388 2285 XXII
1428 2228 1463 2285 et

289 2327 416 2412 XXIV,
442 2347 543 2409 saepe
573 2331 674 2393 etiam
704 2329 826 2410 Lysias
852 2333 998 2393 actorem
1023 2347 1143 2393 causae
1168 2329 1202 2392 in
1226 2329 1395 2409 prooemio
1421 2328 1461 2392 de

288 2437 421 2506 litibus,
439 2444 538 2501 antea
572 2438 679 2502 illatis
712 2437 938 2516 disputantem
970 2436 1117 2520 facit**).
1166 2436 1351 2500 Praeterea
1385 2435 1460 2500 con'-

289 2544 390 2628 feras,
424 2563 508 2622 uuae
544 2564 573 2624 p.
609 2549 652 2607 24
685 2563 759 2609 ann.
797 2551 812 2607 1
848 2544 888 2608 de
927 2545 1087 2623 prooemii
1121 2544 1235 2609 verbis
1270 2546 1460 2627 exponam).

290 2653 372 2716 'lum
397 2671 416 2715 a
440 2652 606 2716 iudicibus
640 2653 736 2734 petit,
771 2658 807 2714 ut
832 2652 974 2716 animum
999 2652 1184 2731 attendant,
1210 2652 1361 2730 quauvis
1386 2652 1461 2732 ipse

290 2759 421 2824 dicendi
448 2761 584 2840 ignarus
609 2759 664 2824 sit.

394 2867 443 2930 lis
468 2885 552 2946 quae
577 2873 760 2946 sequuntur
784 2868 898 2932 statim
922 2868 956 2931 iu
980 2868 1121 2932 mediam
1139 2867 1460 2947 argumentationem

289 2975 504 3039 traducimur.
561 2975 652 3039 Nihil
687 2981 786 3039 ardea
820 2973 967 3058 affertur,
1002 2975 1041 3038 de
1077 2994 1218 3053 quanam
1252 2992 1289 3038 re
1332 2980 1462 3056 agatur,

290 3082 373 3145 nihil
409 3081 449 3146 de
478 3083 701 3165 accusatione,
727 3083 835 3162 qualis
861 3083 915 3147 sit.
967 3082 1202 3146 Praemittitur
1241 3083 1327 3146 euim
1364 3097 1463 3145 unum

289 3196 527 3272 argumentum,
562 3189 647 3269 quod
679 3209 736 3254 reo
760 3191 995 3271 gravissimum
1019 3189 1154 3255 videtur
1179 3207 1253 3254 esse
1280 3185 1312 3272 (ξ
1338 3193 1455 3272 3—7):

289 3315 416 3360 murum
449 3298 514 3361 iam
548 3317 567 3360 a
600 3297 692 3361 Tisia
726 3304 822 3377 patre
856 3303 1062 3362 exstructum
1096 3315 1181 3380 esse,
1216 3315 1278 3375 quo
1312 3302 1463 3375 tempore

290 3406 363 3486 ipse
387 3405 528 3469 nondum
552 3404 608 3469 diu
632 3406 785 3488 vixisset,
811 3423 917 3484 neque
941 3423 1021 3470 vero
1046 3424 1065 3468 a
1090 3403 1241 3468 Calliclis
1265 3409 1363 3483 patre
1389 3421 1462 3468 eum

291 3514 324 3576 iu
358 3511 561 3577 aedificando
587 3512 781 3593 impeditum
805 3530 912 3592 neque
937 3518 1043 3577 testes
1064 3513 1188 3576 allatos
1213 3529 1298 3594 esse,
1324 3529 1463 3590 quorum

290 3620 492 3684 testimoniis
516 3638 601 3684 nunc
631 3621 748 3702 omnia,
775 3620 932 3699 quomodo
962 3629 1031 3684 tum
1055 3638 1091 3684 11
1114 3620 1319 3702 habuissent,
1345 3625 1464 3699 aperta

290 3728 363 3792 fieri
403 3732 549 3807 possent.
612 3727 797 3792 Praeterea
836 3727 980 3811 Callicli,
1021 3728 1077 3806 qui
1117 3728 1177 3791 illo
1218 3732 1367 3807 tempore
1396 3727 1463 3790 iam

291 3835 407 3898 adulta
431 3841 543 3898 aetate
567 3831 698 3918 fuisset,
723 3855 784 3915 per
809 3835 995 3914 quindecim
1019 3854 1132 3919 annos,
1157 3853 1218 3915 per
1242 3854 1322 3914 quos
1348 3839 1463 3913 patres

290 3943 466 4026 vixissent,
490 3961 617 4007 inunum
640 3944 766 4008 nullam
790 3942 1002 4008 offensionem
1018 3945 1224 4026 praebuisse,
1250 3960 1336 4006 nunc
1352 3949 1464 4006 autem

291 4049 387 4113 illum
411 4067 548 4130 sperare
573 4068 608 4114 11
634 4051 882 4114 adulescentem
902 4051 1084 4115 id‘aetatis
1108 4050 1210 4114 facile
1227 4054 1464 4130 superaturum

292 4175 377 4221 esse.

294 4267 336 4272 ””
349 4267 446 4364 'pcc'
457 4269 619 4367 11111111,
639 4299 688 4353 111
707 4299 839 4354 anatona
858 4300 883 4354 1.
904 4299 1008 4354 urraca.
1028 4316 1054 4353 1.
1074 4300 1187 4353 noema
1206 4316 1231 4366 1.
1251 4301 1294 4354 eo.

336 4387 378 4457 **)
397 4388 437 4441 Cf.
457 4388 610 4442 Volkmann
630 4390 647 4443 l.
667 4390 684 4444 l.
704 4405 729 4457 p.
749 4390 863 4443 91-92.
