3254 4998
649 414 871 473 -11-

282 607 345 670 His
378 607 583 688 praemissis
618 623 702 684 quae
736 605 820 669 satis
848 604 920 670 fere
945 622 1020 669 esse
1045 604 1087 696 ad
1111 603 1351 669 defendendum

175 732 232 778 reo
257 713 427 796 videntur,
462 713 675 796 describitur,
710 712 820 792 qualis
854 711 899 776 sit
922 710 1015 776 fundi
1042 712 1138 794 situs,
1164 715 1199 776 et
1223 729 1287 791 qua
1312 711 1352 775 de

175 840 275 886 causa
309 826 409 902 pater
440 837 567 885 murum
600 820 725 884 circum
761 818 992 884 aedificaverit
1018 815 1050 902 (ξ
1074 816 1210 902 8—11).
1259 820 1352 883 Haec

177 947 255 1008 pars
281 928 421 1007 quodam
444 927 539 991 modo
562 927 788 992 narrationem
814 926 973 991 continet.

281 1034 442 1113 Sequitur
470 1034 630 1098 refutatio
666 1030 698 1117 (ξ
734 1031 889 1115 12—19),
915 1051 979 1111 qua
1003 1011 1175 1098 refellitur
1199 1031 1353 1096 Calliclis

175 1147 485 1225 argumentumquo
499 1142 640 1206 maxime
654 1141 823 1205 accusatio
838 1141 910 1205 eius
920 1141 1052 1223 nititur,
1064 1183 1094 1193 -
1112 1146 1211 1204 antea
1227 1139 1351 1204 fossam
1385 1186 1388 1190 -

173 1251 288 1334 fuisse,
329 1250 386 1314 ubi
426 1267 512 1314 nunc
552 1254 659 1313 staret
691 1266 814 1312 murus.
878 1248 950 1312 Hoc
990 1248 1131 1328 primum
1170 1252 1351 1328 propterea

174 1357 376 1423 credendum
393 1375 458 1423 non
482 1374 557 1421 esse
581 1373 660 1420 reus
685 1356 913 1420 demonstrare
938 1354 1062 1437 studet,
1088 1354 1175 1434 quod
1198 1354 1349 1419 infundo

174 1467 310 1529 arbores
345 1469 379 1528 et
411 1463 568 1543 sepulcra
602 1467 746 1545 exstent,
780 1479 864 1541 quae
897 1463 932 1526 in
965 1461 1056 1526 fossa
1088 1479 1183 1526 nemo
1208 1479 1350 1540 unquam

176 1572 301 1637 uiderit
327 1567 359 1655 (ξ
387 1569 541 1654 12—15).
590 1570 774 1635 Praeterea
809 1586 970 1648 nusquam
993 1568 1117 1634 fossam
1141 1569 1237 1633 iuxta
1260 1569 1349 1633 viam

173 1680 317 1759 reperiri
357 1675 390 1762 (ξ
429 1677 494 1762 16),
531 1678 590 1743 sed
625 1695 728 1756 aquas
764 1696 825 1757 per
859 1677 934 1742 vias
958 1676 1063 1741 fluere
1088 1676 1209 1759 solere,
1236 1694 1348 1739 omnes

173 1792 284 1851 autem
319 1787 423 1851 muris
456 1787 701 1868 aggeribusque
737 1785 919 1850 exstructis
956 1802 1090 1864 operam
1114 1783 1204 1867 dare,
1231 1789 1265 1846 ut
1292 1801 1349 1847 eas

174 1899 320 1958 arceant.
370 1894 612 1958 Stultissimum
646 1911 726 1958 vero
764 1909 839 1957 esse
875 1909 932 1956 eas
968 1891 1003 1955 in
1037 1890 1173 1955 fundum
1196 1891 1350 1970 recipere

173 2003 202 2080 (ξ
229 1999 386 2082 17-18).
435 2000 587 2080 Denique
622 1999 745 2065 fossam
781 1997 826 2063 ibi
852 1999 958 2064 fuisse
988 1997 1150 2062 credibile
1174 2015 1238 2060 non
1263 2014 1348 2079 esse,

173 2109 258 2188 quod
282 2125 324 2173 ea
347 2125 509 2188 nusquam
531 2106 743 2172 continuetur
768 2103 800 2190 (ξ
828 2109 889 2184 19).

277 2233 350 2296 Iam
375 2237 469 2296 actor
493 2249 615 2296 causae
640 2231 682 2295 ad
705 2229 987 2296 confirmationem
1013 2225 1044 2312 (ξ
1069 2229 1214 2307 20-34)
1239 2233 1348 2292 trans-

173 2359 307 2421 gressus
333 2340 539 2404 demonstrat
562 2339 726 2404 neminem
750 2339 944 2423 vicinorum,
970 2337 1121 2416 qualmvis
1138 2336 1235 2401 multi
1254 2336 1349 2414 aquis

174 2448 324 2512 damnum
362 2448 586 2530 accepissent,
623 2447 658 2510 in
696 2465 732 2511 se
770 2446 865 2511 litem
899 2447 1086 2511 intendisse
1122 2442 1156 2528 (ξ
1190 2442 1345 2523 20—21).

173 2555 390 2621 Accusatoris
426 2573 506 2620 vero
543 2554 740 2618 calumniam
776 2572 814 2618 eo
838 2555 996 2617 maiorem
1022 2571 1106 2636 esse,
1132 2571 1194 2630 quo
1218 2551 1345 2615 minore

174 2663 373 2727 detrimento
417 2663 490 2743 ipse
540 2659 677 2725 affectus
722 2662 777 2726 sit.
836 2661 1017 2726 Audivisse
1057 2663 1167 2724 autem
1206 2663 1345 2722 matrem
1437 2741 1438 2744 Ἴ

172 2770 278 2851 ipsius
313 2789 333 2835 e
368 2769 521 2834 Calliclis
556 2776 663 2834 matre
699 2773 805 2833 totum
841 2768 993 2834 damnum
1027 2786 1092 2831 non
1116 2767 1223 2847 pluris
1248 2783 1345 2846 quam

172 2878 315 2958 quinque
340 2877 569 2942 drachmarum
594 2877 835 2942 aestimandum
859 2894 933 2941 csse
958 2873 991 2959 (ξ
1015 2874 1170 2948 22-27).
1196 2874 1259 2938 Vel
1283 2875 1344 2938 hoc

172 2984 305 3050 Callicli
342 2985 408 3065 ipsi
444 2985 479 3049 in
512 2985 642 3064 culpam
679 2983 875 3070 vertendum
911 3001 995 3066 esse,
1027 2983 1151 3063 quippe
1180 2982 1235 3060 qui
1269 2982 1343 3062 ipse

173 3110 301 3172 quoque
351 3091 488 3156 fundum
537 3109 630 3156 muro
671 3091 927 3155 circumdederit
967 3095 1001 3154 et
1038 3090 1128 3154 viam
1166 3089 1343 3153 ruderibus

156 3200 306 3264 'iniectis
344 3200 569 3280 angustiorem
606 3197 738 3263 fecerit.
800 3198 890 3279 Ergo
927 3197 1006 3277 quid
1042 3214 1117 3262 esse
1153 3196 1342 3280 absurdius

172 3325 265 3386 quam
293 3307 373 3370 illos
398 3307 462 3371 sibi
486 3306 521 3370 id
537 3307 681 3388 obicere,
695 3305 782 3385 quod
802 3306 868 3385 ipsi
887 3299 1342 3388 cominiserintltqas—ao).

275 3415 338 3479 liis
375 3433 459 3496 quae
495 3421 680 3494 sequuntur
711 3431 789 3478 reus
829 3414 950 3477 iterum
987 3412 1028 3477 de
1062 3412 1274 3494 malignitate
1310 3419 1345 3477 et

171 3522 314 3604 perfidia
338 3522 490 3586 Calliclis
515 3521 673 3600 loquitur.
720 3521 835 3600 Neque
860 3521 947 3585 enim
972 3521 1076 3585 solum
1102 3525 1201 3584 antea
1230 3537 1343 3584 conso-

169 3632 314 3715 brinum,
362 3649 448 3695 nunc
487 3631 627 3696 fratrem
664 3632 704 3694 ab
756 3631 816 3694 illo
868 3630 910 3694 ad
959 3631 1040 3694 lites
1079 3629 1237 3694 incitatos
1285 3630 1345 3695 sed

169 3740 272 3804 etiam
313 3738 482 3804 Callarum
527 3757 660 3804 servum
704 3739 738 3803 in
778 3739 865 3803 idem
910 3739 1035 3802 crimen
1074 3743 1228 3803 vocatum
1269 3756 1344 3803 esse

168 3843 202 3930 (ξ
226 3850 385 3926 31—34).

278 3955 320 4019 In
344 3955 557 4035 peroratione
593 3950 625 4039 (ξ
662 3959 715 4030 35)
752 3959 846 4018 actor
881 3972 1002 4018 causae
1037 3953 1165 4018 iudices
1192 3954 1345 4018 breviter

167 4068 291 4147 tuomet,
328 4081 370 4127 ne
406 4063 590 4127 calumnias
630 4061 899 4126 adversariorum
935 4061 1059 4126 iudicio
1096 4078 1154 4126 suo
1190 4062 1342 4142 probent.

166 4170 251 4234 Nam
289 4189 326 4234 se
361 4169 445 4234 nihil
481 4169 656 4234 admisisse
693 4169 792 4233 etiam
819 4187 859 4233 ex
884 4187 922 4234 eo
947 4169 1102 4250 intellegi
1126 4187 1234 4252 posse,
1259 4168 1346 4248 quod

164 4277 551 4358 remarbitrisprivatis
576 4277 785 4344 committere
809 4277 967 4366 voluerit,
994 4281 1208 4345 accusatores
1233 4281 1344 4341 autem

164 4386 230 4452 hoc
254 4402 408 4469 negasse.
