3254 4998
774 360 994 442 450-

292 573 398 638 oretio
422 572 480 638 LV
509 591 529 637 a
559 573 781 640 Demosthene
805 566 1024 640 abiudicanda
1048 572 1101 640 ait.
1149 573 1232 639 Nam
1257 581 1295 640 ut
1318 573 1466 639 omittam

291 679 422 760 ringula
455 679 521 762 illa,
558 697 642 762 qnae
677 679 712 744 in
748 697 809 745 usu
846 681 1017 745 verborum
1058 673 1264 747 offensionem
1293 675 1466 763 praebent,

290 793 386 852 tante
419 792 470 852 est
500 779 767 868 argumentorum
803 784 1018 868 perturbatio3
1043 792 1107 852 tem
1131 787 1306 868 perspicue
1329 793 1468 853 ornatus

291 895 447 960 abhorret
470 893 511 958 ab
537 912 597 958 usu
620 901 653 960 et
677 902 749 960 arte
766 893 1007 976 Demosthenis,
1031 892 1112 960 adeo
1128 894 1319 975 compositio
1336 895 1468 975 squalet

290 1000 465 1067 structuris
489 1002 530 1066 ab
554 1000 698 1082 eleganti
717 1011 841 1082 ¹genere
858 997 984 1066 dicendi
1001 1000 1128 1084 alienis,
1153 1007 1190 1066 ut
1205 995 1469 1067 obtrectaromus

292 1109 378 1174 laudi
402 1107 648 1190 Demosthenis,
680 1108 707 1182 si
733 1107 799 1173 tale
822 1125 903 1188 opus
927 1107 956 1172 ei
981 1107 1212 1174 tribueremur.
1259 1108 1356 1174 Nullo
1380 1109 1466 1174 enirn

291 1216 384 1284 morlo
408 1234 456 1300 ee,
483 1233 565 1296 quae
589 1213 796 1281 offenrionem
821 1207 1162 1296 praemoneremur·
1195 1221 1332 1296 possunt
1359 1233 1468 1296 neque

290 1324 348 1406 lta,
373 1328 410 1387 ut
434 1324 534 1388 verbe
558 1317 713 1403 corrupta
736 1340 808 1388 erse
830 1328 984 1403 putemus
1008 1359 1050 1368 -
1074 1339 1150 1389 nam
1175 1315 1243 1387 tote
1267 1322 1336 1389 iere
1360 1323 1468 1388 oratio

290 1431 448 1496 mutanda
471 1437 558 1496 esset
581 1465 635 1511 —,
660 1447 765 1510 neque
789 1435 826 1494 nt
850 1429 1027 1495 orationem
1052 1435 1187 1511 propter
1210 1430 1332 1495 humile
1362 1449 1469 1511 genus

291 1539 397 1604 minus
421 1544 572 1603 accurate
594 1535 806 1617 compositam
831 1554 902 1602 esse
926 1536 1122 1602 arbitremur
1148 1573 1181 1582 —
1213 1556 1287 1602 nam
1303 1537 1338 1602 in
1356 1537 1469 1603 hiatus

289 1644 369 1727 iuge
404 1643 606 1727 diligentiam
643 1643 811 1723 scriptoris
842 1643 983 1709 vidimus
1006 1680 1059 1729 -‚
1085 1661 1190 1725 neque
1214 1650 1251 1709 ut
1274 1662 1468 1716 censeamus

289 1743 466 1821 orationem
490 1743 511 1818 a
535 1751 754 1816 Demosthene
777 1751 984 1816 adolescente
1008 1751 1225 1832 conscriptam
1249 1768 1467 1817 esse-nam

293 1859 540 1934 Demosthenem
589 1859 652 1923 iem
696 1859 731 1923 in
770 1851 885 1939 primis
924 1858 1128 1924 orationibus
1167 1856 1347 1939 perfectum
1393 1855 1469 1924 fere

289 1975 450 2034 oratorem
486 1984 521 2031 se
553 1965 759 2047 praestitisse
801 1983 893 2031 nemo
935 1973 1044 2048 neget.
1102 1968 1220 2050 Itaque
1255 1963 1366 2031 iecere
1400 1984 1469 2031 non

289 2091 475 2160 possumus,
511 2074 590 2154 quin
626 2073 807 2140 orationem
844 2073 913 2156 LV,
950 2089 1041 2153 quae·
1067 2074 1298 2139 Demosthenis
1334 2073 1468 2155 quidem

289 2181 488 2262 temporibus
522 2180 593 2245 sine
629 2180 727 2247 dubio
763 2180 876 2248 habite
911 2187 971 2266 est,
1008 2199 1070 2247 non
1096 2201 1115 2246 a
1139 2182 1360 2247 Demosthene
1383 2181 1468 2267 ipso,

289 2289 345 2356 aed
380 2290 422 2354 ab
455 2295 584 2353 oratore
618 2279 780 2370 elegantis
814 2287 972 2354 sermonis
1006 2288 1111 2353 Attici
1135 2289 1242 2356 minus
1274 2288 1382 2373 periti,
1408 2289 1468 2368 qui

289 2398 431 2463 fortusse
454 2395 576 2477 Lysiae
600 2402 633 2460 et
658 2395 885 2462 Demosthenis
902 2394 1067 2461 orationes
1084 2397 1231 2481 legerats
1246 2395 1468 2476 conscriptam

290 2522 363 2570 esse
386 2504 610 2571 existimemus
620 2504 659 2583 *).

289 4305 499 4316 Ἰι---,------ιι

340 4369 1157 4440 ἤωωώωωωὼωωῶῌᾶμῶ
