3254 4998
769 397 990 456 -.22-

292 579 390 648 inci
413 578 582 666 θαυμάζω,
596 582 635 649 εἰ.
661 586 835 652 Orationes
860 587 992 666 spuriae
1018 587 1112 668 pluro
1136 588 1285 670 exempla
1299 590 1468 668 praebent.

293 693 326 758 Si
357 693 390 757 in
416 693 637 773 quaestionem
675 693 776 776 iIIam,
813 694 969 774 quomodo
1008 701 1114 759 ortum
1139 695 1183 768 sit
1208 705 1241 759 et
1265 695 1342 775 quid
1366 696 1468 778 signi·

291 800 367 866 ficet
389 799 471 866 illud
496 794 515 862 ὃ
536 801 594 862 καὶ
629 801 815 866 accuratius
850 800 1098 883 inquireremus,
1131 800 1261 884 longius
1285 822 1304 866 a
1328 821 1364 867 rc
1393 822 1465 883 pro-

292 907 399 987 posita
423 905 706 988 abduceremu1·*).

397 1035 478 1111 §21
505 1027 617 1096 Πολλὰ
656 1033 711 1095 καὶ
745 1028 873 1112 μεγάλα
901 1033 1148 1114 βεβλαμμένων.
1167 1031 1225 1116 Cf.
1256 1033 1381 1117 XXIV,
1422 1039 1463 1102 ol

272 1128 450 1218 μεγάλ’άν
474 1131 641 1220 βλάσταις.
665 1139 826 1223 XXVIII,
856 1147 894 1204 18
919 1133 1045 1220 μεγάλα
1068 1136 1267 1220 βλάπτομαι.

395 1241 565 1328 Ἐνεχάρεο
613 1249 711 1308 τοῦτο
750 1242 919 1328 πράττειν.
964 1247 1107 1313 Verbum
1152 1242 1304 1330 ἐγχωρεῖν
1352 1247 1462 1314 eodem

290 1353 382 1418 modo
419 1354 518 1418 semol
555 1355 640 1435 apud
681 1355 933 1419 Demosthenem
973 1354 1236 1435 impersonaliter
1270 1364 1459 1435 usurpatum

289 1479 359 1524 cum
396 1461 559 1526 Infinitive
593 1461 818 1540 comungitur:
855 1461 946 1545 VIII,
984 1470 1003 1525 2
1044 1457 1180 1544 ἐγχωρεῖ
1213 1469 1363 1538 σκοπεῖν,
1393 1462 1461 1528 siue

289 1567 453 1632 infinitIvo
494 1568 614 1650 legitur
646 1569 702 1649 IV,
739 1574 793 1646 41,
815 1569 1048 1648 ¹personaliter
1082 1568 1192 1651 XXX,
1231 1573 1282 1634 39.
1311 1569 1360 1634 Of.
1384 1571 1462 1650 Lys.

288 1674 414 1759 XXIV,
466 1682 503 1738 17
543 1663 685 1757 ΙΙἐγχωρεῖ
721 1668 871 1759 ὑβρίζειν.
929 1677 969 1740 In
1017 1675 1143 1741 deliciis
1189 1677 1324 1742 verbum
1365 1677 1465 1741 hahet

289 1773 567 1863 Antiphon**).
819 1851 821 1857 ,

396 1884 513 1952 Πάντα
535 1882 606 1969 ἅμα
628 1885 837 1971 συνταράξας.
862 1888 910 1954 of.
933 1891 1059 1972 XXIV,
1084 1897 1128 1956 44
1151 1886 1261 1954 πάντα
1284 1884 1324 1953 τὰ
1354 1887 1465 1972 πράγ-

287 2016 376 2077 ματα
399 1993 607 2080 συνταράξαι.

393 2102 411 2190 ξ
439 2112 479 2170 23
515 2108 694 2188 Χρωμένης
728 2107 768 2192 τῇ
801 2099 927 2167 τούτων
960 2107 1070 2190 μητρί.
1106 2105 1156 2171 De
1180 2106 1238 2170 hoe
1272 2124 1334 2170 usu
1368 2106 1462 2170 verbi

288 2215 431 2296 χρῆσθαι
454 2213 539 2294 apud
565 2212 815 2278 Demosthenem
838 2211 905 2277 vid.
928 2213 1056 2278 ReIskii
1080 2207 1145 2278 ind.
1169 2231 1193 2279 ι.
1216 2233 1247 2280 ν.

397 2331 489 2403 Οὕτω
524 2359 583 2418 μου
617 2331 722 2401 πολλοὶ
757 2330 870 2415 α’γαθυὶ
906 2342 1043 2417 γένοντο,
1078 2368 1119 2384 »-
1157 2335 1187 2401 εἰ
1220 2337 1255 2401 δὲ
1281 2334 1462 2422 ψεύδομαι.

287 2445 335 2513 Of.
362 2446 447 2530 LIV,
473 2452 513 2510 41
541 2446 596 2507 καὶ
620 2440 651 2506 εἰ
673 2443 734 2524 μὲν
770 2436 905 2527 εὐορκῶ,
930 2441 1044 2509 πολλά
1066 2465 1127 2524 μου
1140 2439 1254 2523 ἀγαθὰ
1272 2450 1462 2524 γένοιτο,-

286 2550 318 2616 εἰ
341 2544 371 2616 δ’
372 2549 526 2632 ἐπιορκῶ.
564 2548 695 2638 [LVII],
733 2559 772 2617 57
799 2547 907 2614 πολλοὶ
944 2543 1056 2629 α’γαθά
1094 2556 1218 2628 γένοιτο
1249 2553 1351 2616 πᾶσιν
1373 2545 1462 2631 ὑμῖν.

287 2657 467 2744 [prooem.],
495 2665 536 2724 33
562 2650 646 2721 οὕτω
662 2661 697 2720 τί
711 2680 768 2738 μου
785 2651 915 2737 ἀγαθὸν
931 2661 1067 2737 γένοιτο.
1085 2659 1185 2724 Recte
1197 2657 1461 2738 Swoboda***)

287 2767 326 2832 de
350 2767 471 2832 talibus
503 2765 735 2842 locutIouibus,
766 2783 849 2846 quae
880 2766 913 2830 in
938 2764 1094 2831 formulas
1119 2767 1270 2832 abIerunt
1294 2777 1327 2830 et
1351 2767 1403 2832 uel
1426 2767 1462 2832 in

285 2874 414 2940 iurandi
450 2870 600 2937 formulis
634 2873 884 2958 inscriptionum
921 2860 1109 2953 frequentes
1143 2880 1229 2956 sunt,
1266 2881 1463 2955 argumenta

286 3000 328 3046 er
366 2980 406 3045 iis
445 2985 576 3060 sumpta
620 2979 660 3044 ad
707 2980 930 3060 quaesIIonem
967 2980 1006 3043 de
1053 2989 1185 3044 auctore
1232 2979 1460 3061 expulieandam

285 3088 467 3154 cautionem
491 3069 612 3152 hahere
637 3086 726 3152 dicit.

391 3207 625 3295 Ἄποκλοθῆναυ
648 3216 711 3290 μέν
735 3248 778 3256 -
802 3203 842 3274 οὔ
865 3216 978 3292 μέντοι
1001 3215 1128 3275 παθεῖν
1158 3203 1186 3291 γ’
1210 3206 1314 3275 οὐδέν.
1362 3213 1459 3293 Apud

286 3321 534 3387 Demosthenem
559 3321 639 3386 haec
663 3319 897 3399 particularum
922 3320 1107 3385 coniunctio
1133 3320 1254 3402 legitur
1287 3319 1364 3400 XX,
1396 3326 1457 3385 105

283 3428 516 3511 παροξυντικοὶ
539 3425 602 3507 μὲν
626 3417 713 3490 εἶναι
739 3463 779 3472 -
805 3421 843 3489 οὐ
867 3431 980 3508 μέντοι
1004 3427 1129 3490 δίκαιοί
1149 3419 1178 3507 γ’
1201 3422 1339 3514 οὐδαμῇ.
1363 3427 1458 3509 XXI,

346 3623 371 3690 *)
388 3622 548 3677 Rectissime
567 3621 631 3674 mihi
651 3620 684 3675 de
703 3621 753 3674 hac
772 3636 801 3673 re
822 3620 928 3674 vioetur
946 3621 1078 3674 iudicasse
1097 3620 1295 3674 Schoemaunns
1315 3621 1369 3690 (ad.
1388 3621 1456 3675 Isac.

390 3730 415 3781 p.
438 3713 508 3780 186),
528 3727 605 3778 quem
625 3711 711 3764 secuti
730 3716 795 3763 sunt
812 3709 1015 3778 Frohbergerus
1026 3709 1059 3762 ad
1070 3710 1131 3776 hys.
1146 3711 1229 3777 XXX,
1243 3711 1287 3778 28,
1301 3710 1458 3764 Gebauerus

390 3803 406 3858 I.
427 3803 445 3856 I.
464 3818 490 3870 p.
509 3802 571 3869 306,
591 3801 645 3855 alii.
677 3799 705 3853 Is
724 3800 794 3854 enim
814 3799 951 3854 existimat
964 3799 1064 3853 talibus
1077 3800 1143 3853 locis
1156 3815 1301 3868 pronomen
1314 3800 1459 3854 relatiuam

389 3898 438 3946 aut
467 3891 600 3946 obiectum
630 3905 686 3943 esse
716 3895 764 3942 aut
792 3888 940 3943 saneotum
970 3893 1144 3956 spectarcque
1172 3904 1275 3957 semper
1300 3888 1334 3942 ud
1353 3905 1458 3956 praece

389 3981 490 4049 dantia,
518 3979 584 4034 illud
617 3987 706 4032 autem
734 3978 914 4046 enuntiatum,
944 3977 1014 4044 quod
1039 3986 1176 4048 sequatur,
1196 3978 1329 4032 exuntiati
1348 3978 1458 4033 relativi

389 4071 548 4140 epexegesin
568 4069 714 4124 continere.

329 4162 372 4228 **)
392 4157 753 4227 cf.ru0rawsry,13emerk.
773 4174 796 4210 z.
816 4156 842 4211 tl.
861 4162 911 4209 att.
932 4156 1065 4211 Rednern.
1084 4157 1188 4210 Ztschr.
1212 4155 1230 4209 f.
1259 4162 1339 4210 oestr.
1359 4157 1457 4224 Gymn.

311 4340 366 4404 ***)
383 4250 631 4395 ἐίἵῗῖάυοέῗξευίε
650 4353 719 4405 qnae
737 4336 862 4391 feruntur
879 4335 1020 4403 prooemiis
1040 4335 1155 4390 VIndob.
1175 4336 1244 4390 1887
1264 4353 1289 4404 p.
1311 4338 1353 4391 62.
1366 4343 1455 4393 ουο.1
